1641 2866
780 172 828 209 57

250 296 415 335 Prorsus
443 295 628 346 languida
656 300 695 336 et
722 296 862 335 vitiosa
882 288 975 335 talis
994 294 1274 348 estvverborum
1294 294 1489 345 repetitio,

126 363 253 415 qualis
280 367 339 403 est
364 363 405 402 in
425 376 510 414 cap.
537 364 587 402 11.
616 367 658 402 7:
685 363 750 403 καὶ
777 361 821 401 οὐ
848 365 963 401 τοῦτο
981 362 1100 410 λέξων
1118 359 1293 415 ἔρχομαι,
1321 361 1375 408 ὡς
1391 361 1492 400 πολύ

125 431 197 481 μὲν
223 427 418 478 ἐλάττους,
445 429 548 469 πολύ
581 429 624 469 δὲ
658 429 835 483 χείρονας
861 429 958 479 ἔχων
985 426 1092 479 ὅμως
1117 428 1328 479 συνέβαλεν.
1357 427 1394 467 εἰ
1420 427 1493 480 γὰρ

125 500 247 539 ταῦτα
277 497 445 548 λέγοιμι,
471 493 699 551 Ἀγησίλαόν
734 494 815 537 τ’ἅν
849 511 918 548 μοι
954 497 1054 537 δοκῶ
1080 492 1234 550 ἄφρονα
1260 493 1493 550 ἀποφαίνειν

51 581 53 583 ’
125 566 191 607 καὶ
219 564 387 616 ε’μαυτόν
412 563 556 619 μωρόν,
584 565 621 605 εἰ
649 565 848 619 ἐπαινοίην
880 565 948 605 τὸν
972 566 1064 618 περὶ
1090 568 1166 604 τῶν
1191 564 1383 616 μεγίστων
1410 563 1492 617 εἰκῆ

128 632 403 676 κινδυνεύοντα.

252 699 350 739 Tum
388 712 413 738 a
451 699 706 750 Xenophonte
733 699 946 738 abhorrent
971 698 1090 737 verba
1117 711 1201 748 cap.
1230 698 1279 738 ΙΙ.
1312 698 1380 736 12:
1426 697 1493 735 καὶ

130 766 276 820 κραυγή
311 765 384 816 μὲν
417 763 582 815 οὐδεμία
614 768 758 818 παρῆν,
792 763 838 805 οὗ
869 765 945 817 μὴν
978 763 1069 804 οὐδὲ
1096 763 1200 817 σιγή,
1229 764 1336 818 φωνὴ
1364 763 1405 803 δέ
1432 778 1493 810 τις

126 832 171 888 ἦν
196 833 373 885 τοιαύτη,
411 832 495 873 οἵαν
529 830 624 885 ὀργή
650 847 693 872 τε
718 833 783 872 καὶ
809 830 915 885 μάχη
941 830 1168 886 παράσχοιτ’
1196 828 1253 871 ἄν.
1312 833 1492 882 Legimus

125 904 166 942 in
193 886 278 953 cap.
305 901 372 943 VI.
401 904 439 940 6:
467 900 532 940 καὶ
558 900 630 954 γὰρ
657 901 762 940 νυκτὶ
786 900 857 951 μὲν
878 897 1030 954 ὅσαπερ
1048 900 1173 954 ἡμέρᾳ
1190 899 1340 954 ἐχρῆτο,
1368 898 1493 953 ἡμέρᾳ

127 971 170 1010 δὲ
197 966 347 1022 ὅσαπερ
373 969 490 1018 νυκτί,
519 970 627 1008 cuius
657 970 938 1009 enunciationis
960 971 1068 1020 prior
1087 982 1178 1020 pars
1198 982 1218 1009 e
1238 968 1492 1018 Xenophonte

125 1039 268 1079 hausta
296 1042 368 1086 est,
385 1038 414 1090 ¹)
443 1039 698 1088 posteriorem
726 1038 862 1077 eadem
889 1041 1131 1089 repetentem
1149 1037 1283 1076 rhetor
1304 1036 1406 1075 male
1426 1034 1494 1073 ad-

125 1107 230 1147 iecit.
285 1106 507 1156 Sequuntur
533 1106 646 1145 haec:
679 1102 746 1158 ἦγε
772 1106 816 1144 τό
845 1103 1067 1158 στράτευμα
1094 1102 1255 1157 ἡσύχως,
1282 1101 1415 1156 ὥσπερ
1444 1099 1492 1142 ἂν

125 1174 322 1227 παρθένος
366 1172 389 1225 ἦ
433 1170 729 1226 σωφρονεστάτη
767 1173 971 1226 προβαίνοι
988 1205 996 1221 ,
1041 1171 1206 1222 νομίζων
1250 1171 1291 1211 ἐν
1333 1175 1389 1223 τῷ
1414 1186 1492 1210 τοι-

125 1238 227 1292 ούτῳ
259 1241 304 1279 τό
341 1254 384 1279 τε
411 1237 576 1293 ἀτρεμὲς
600 1241 665 1280 καὶ
692 1238 1041 1293 ἆνεκπληκτόταιον
1066 1241 1130 1279 καὶ
1158 1237 1493 1293 ἀθορυβητότατον

124 1309 190 1348 καὶ
228 1305 589 1362 ἀναμαρτητότατον
631 1308 696 1348 καὶ
732 1305 1117 1360 δυςεπιβουλευτόται
1127 1322 1169 1346 ον
1210 1303 1310 1347 εἶναι
1348 1309 1397 1359 (g.
1438 1309 1490 1358 7.)

124 1377 304 1416 Profecto
331 1377 402 1416 has
429 1378 625 1427 ampullas
656 1381 696 1416 et
722 1377 1010 1428 sesquipedalia
1022 1376 1142 1416 verba
1155 1389 1268 1415 nemo
1286 1376 1492 1415 toleranda

125 1457 209 1484 esse
236 1444 419 1492 censebit,
447 1444 522 1482 nisi
549 1444 616 1494 qui
642 1445 806 1495 pessime
835 1445 883 1483 de
906 1444 1162 1496 Xenophonte
1184 1443 1341 1482 iudicet.
1375 1443 1492 1482 Deni-

126 1524 200 1562 que
236 1525 314 1551 non
348 1513 520 1552 alienum
559 1512 714 1551 videtur
746 1516 883 1552 notare
899 1543 909 1562 ,
949 1526 1066 1563 quam
1101 1524 1217 1562 saepe
1246 1512 1414 1563 scriptor
1441 1511 1491 1550 ad

124 1581 409 1631 comparativos
446 1584 486 1619 et
522 1580 574 1619 ad
600 1580 858 1631 superlativus
885 1580 1081 1620 addiderit
1108 1579 1340 1619 vocabulum
1369 1576 1490 1618 πολύς

124 1647 153 1687 1.
184 1650 246 1689 35.
274 1648 325 1689 11.
355 1652 389 1689 7.
417 1649 481 1687 lv.
513 1651 546 1690 1.
576 1651 611 1689 2.
639 1649 704 1689 VI.
735 1652 770 1687 7.
799 1649 904 1689 V111,
932 1650 968 1689 6.
997 1652 1032 1687 8.
1062 1650 1109 1688 Χ.
1140 1652 1174 1687 3.

248 1716 332 1756 Iam
369 1729 445 1767 quo
483 1716 626 1756 clarius
666 1716 834 1756 rhetoris
869 1718 1062 1757 rationem
1099 1730 1354 1767 agnoscamus
1371 1748 1380 1765 ‚
1425 1730 1491 1756 eos

127 1785 434 1836 contemplemur
468 1785 590 1833 locos,
618 1785 685 1825 ubi
711 1786 868 1825 nomina
895 1789 935 1825 et
962 1785 1096 1832 verba,
1125 1785 1265 1836 quibus
1293 1786 1492 1825 contraria

123 1852 401 1904 significantur,
425 1854 528 1893 inter
547 1867 587 1893 se
613 1853 794 1905 opposita
824 1857 926 1893 sunt.
969 1854 1126 1894 Invenio
1144 1854 1260 1893 haec:
1288 1854 1317 1893 1.
1333 1857 1376 1892 8:
1410 1853 1492 1892 dca-

120 1920 333 1970 βαίνειν-
351 1917 657 1971 ἅντιδιαβαίνειν.
684 1923 749 1961 1οε
776 1919 936 1971 ὀμνύναι
954 1946 995 1951 -
1015 1919 1253 1971 άντομνύναι.
1280 1921 1330 1962 ΙΙ.
1350 1924 1391 1960 6;
1424 1916 1491 1974 ἆρ-

121 1984 473 2041 χειν-ἄρχεσθαι,
490 1992 555 2028 31;
575 1988 810 2042 φιλέλλην-
821 1988 1013 2042 μισέλλην.
1028 1990 1097 2029 III.
1110 1993 1153 2028 5:
1172 1988 1492 2029 καθίστασθαι-

122 2053 379 2110 ἀφίστασθαι.
395 2057 461 2100 IV.
476 2061 515 2097 5:
532 2057 945 2108 μειονεκτεῖν-πλέον
955 2055 1067 2109 ἔχειν.
1078 2058 1130 2097 VI
1135 2089 1143 2097 .
1157 2062 1196 2098 6:
1213 2054 1490 2111 ἔχυρα-ἀνώ-

120 2139 231 2178 χυρα.
260 2125 344 2164 VII.
374 2128 421 2164 2:
450 2122 632 2165 ἀπειθεῖν
658 2125 955 2171 -πείθεσθαι,
983 2127 1048 2165 ΙΧ.
1081 2130 1118 2176 1;
1152 2122 1412 2179 δυςπρόςοδος
1438 2148 1490 2153 -

121 2189 372 2247 εὐπρόςοδος.
400 2192 447 2232 Χ.
476 2194 522 2233 2;
545 2184 712 2240 δίκαιος
743 2218 784 2223 --
812 2189 964 2245 ἄδικος
1006 2191 1190 2248 ἐγκρατής
1222 2218 1274 2224 -
1310 2189 1489 2246 ἀκρατής.

120 2261 187 2302 XI.
208 2264 249 2301 3:
269 2257 701 2313 δικαιοσύνη-ἀδικία.
731 2265 773 2301 4:
789 2259 1242 2302 ἀπιστεῖν-πιστεύειν,
1263 2265 1305 2301 8:
1329 2257 1489 2312 γιγνώσ-

119 2343 198 2369 κειν
217 2352 269 2359 -
295 2324 453 2380 ἀγνοεῖν.
484 2331 550 2369 14:
578 2326 781 2383 γηράσκειν
797 2354 847 2359 -
862 2327 1065 2384 ἆγήρατος.
1093 2330 1203 2369 Adde
1233 2331 1260 2369 Ι.
1291 2333 1359 2369 36:
1387 2327 1487 2369 ἀκίν-

120 2396 214 2437 δυνα
229 2420 273 2426 --
288 2395 390 2446 μετὰ
414 2394 606 2438 κινδύνων.
641 2398 710 2437 111.
739 2399 774 2438 3.
803 2394 1082 2451 γῆμαι-ἄνευ
1108 2395 1248 2449 γάμου.

245 2466 378 2506 Simile
404 2465 499 2516 qnid
525 2466 583 2506 ita
610 2466 791 2515 efficitur,
819 2471 863 2506 ut
889 2468 930 2506 in
946 2467 1081 2506 eadem
1094 2467 1365 2506 enunciatione
1383 2466 1486 2505 idem

120 2532 279 2574 verbum
322 2538 525 2585 repetatur
565 2539 635 2574 aut
661 2535 851 2575 vocabula
879 2535 1049 2575 eiusdem
1078 2535 1230 2586 generis
1259 2534 1318 2574 vel
1346 2534 1485 2574 saltem

246 2620 273 2658 ι)
295 2617 342 2650 ef.
364 2628 396 2660 p.
416 2618 468 2651 34.
