1641 2866
634 673 882 724 Particula
901 730 902 733 Ἴ
918 672 1012 722 ΙΙΙ.

314 805 451 846 Utrum
478 804 654 845 laudatio
682 815 768 844 eum
793 803 1080 845 Hellenicorum
1101 779 1336 846 'narratione

645 873 838 925 congruat
864 883 998 914 necne.

263 987 352 1026 Iure
391 988 608 1037 meritoque
642 999 774 1025 omnes
810 999 834 1025 a
861 986 1116 1037 Xenophonte
1142 987 1365 1038 postulant,
1394 991 1439 1027 ut
1465 988 1505 1027 in

141 1057 344 1095 sententiis
371 1055 465 1094 alibi
498 1055 549 1093 ab
576 1056 661 1104 ipso
688 1055 955 1103 pronunciatis
983 1054 1057 1092 sibi
1084 1058 1247 1093 constet.
1302 1055 1442 1105 Itaque
1474 1056 1506 1093 si

140 1123 181 1161 in
208 1122 436 1162 laudatione
463 1122 723 1169 invenientur,
759 1134 858 1171 quae
885 1121 1074 1161 historiae
1102 1121 1276 1161 Graecae
1303 1123 1419 1173 plane
1446 1136 1507 1162 re-

140 1194 326 1241 pugnent,
346 1190 453 1229 nullo
467 1190 581 1229 modo
601 1190 760 1229 concedi
777 1190 936 1239 poterit,
965 1189 1014 1228 ab
1034 1190 1168 1228 eodem
1183 1194 1341 1229 auctore
1356 1194 1504 1229 utrum-

141 1271 216 1309 que
243 1257 387 1297 librum
413 1257 632 1309 profectum
660 1270 754 1296 esse.

266 1314 388 1377 Atqui
415 1328 513 1366 talia
540 1328 580 1365 in
608 1327 783 1365 encomio
800 1328 937 1366 vinesse
965 1328 1246 1366 Valckenarius
1273 1329 1334 1366 his
1363 1329 1506 1378 signifi-

143 1395 245 1434 cavit
273 1394 420 1434 verbis:
470 1395 566 1443 „Qui
594 1394 666 1434 sub
694 1396 849 1435 nomine
877 1395 1143 1446 Xenophontis
1171 1396 1393 1446 Agesilaum
1422 1396 1505 1436 lau-

142 1463 260 1512 davit,
289 1464 410 1502 talem
437 1464 549 1502 illum
576 1463 699 1502 finxit.
736 1464 782 1502 In
811 1463 904 1503 edit.
932 1464 1192 1503 Hutchinsoni
1219 1478 1308 1514 pag.
1338 1468 1400 1505 80.
1416 1462 1506 1504 ἀνα-

140 1528 354 1583 μάρτητος,
393 1532 536 1580 inquit,
571 1528 812 1582 ἐτελεύτησε,
845 1544 960 1581 quem
988 1531 1201 1581 Xenophon
1228 1532 1269 1570 in
1296 1532 1509 1572 Hellenicis

141 1603 185 1638 ut
212 1599 338 1637 virum
363 1599 560 1649 egregium
585 1599 761 1647 miratur,
787 1598 953 1638 hominis
972 1602 1105 1638 tamen
1123 1603 1242 1649 atque
1260 1600 1509 1650 imperatoris

140 1671 307 1717 peccata
332 1679 635 1706 commemorare
662 1679 739 1705 non
766 1667 1046 1716 praetermisit:
1083 1669 1128 1705 ut
1155 1680 1274 1706 unum
1302 1667 1350 1706 de
1377 1668 1510 1707 multis

141 1734 346 1784 attingam,
375 1734 462 1773 vide
486 1733 576 1772 Ἐλλ.
595 1734 639 1774 L.
660 1734 704 1774 V.
718 1747 804 1786 pag.
835 1735 922 1782 333,
953 1738 1012 1773 29.
1036 1748 1211 1785 quaeque
1238 1735 1320 1774 illic
1339 1748 1507 1786 sequun-

144 1806 209 1841 tur
236 1806 276 1841 et
301 1801 390 1854 pag.
420 1803 529 1842 334.“
546 1803 576 1854 ¹)

265 1871 323 1909 De
350 1870 424 1909 hoc
451 1870 687 1909 laudationis
709 1871 794 1909 loco
817 1883 936 1920 quum
955 1871 1033 1909 iam
1063 1871 1188 1910 multa
1212 1884 1236 1910 a
1255 1871 1347 1909 viris
1366 1870 1506 1919 doctis,

140 1938 204 1989 qui
227 1937 495 1991 Xenophontis
524 1939 759 1978 exstiterunt
786 1938 1019 1988 defensores,
1048 1938 1251 1992 disputata
1266 1939 1355 1988 sint,
1382 1940 1510 1992 prius—

141 2020 259 2056 quam
286 2006 391 2056 quod
417 2008 500 2058 ipse
536 2008 659 2046 sentio
698 2020 886 2059 exponam
902 2040 912 2054 ,
951 2008 1106 2046 illorum
1145 2008 1358 2045 sententias
1383 2007 1511 2063 *brevi-

139 2079 201 2114 ter
229 2074 469 2114 examinabo.
510 2075 639 2125 Atque
666 2075 834 2127 primum
852 2075 1006 2113 Reizius
1015 2074 1047 2127 2)
1077 2074 1375 2113 Valckenarium
1402 2074 1510 2113 sacil-

139 2144 230 2183 lime
265 2142 391 2182 refelli
418 2144 491 2182 hac
515 2144 667 2183 ratione
694 2146 810 2195 putat
826 2174 835 2191 ,
875 2148 921 2182 ut
948 2142 1139 2190 dicamus,
1177 2155 1255 2181 non
1283 2142 1511 2194 simpliciter

140 2212 217 2262 legi
245 2206 514 2264 ἀναμάρτητος
542 2207 784 2263 ἐτελεύτησε,
823 2209 890 2249 sed
917 2209 977 2249 his
1004 2209 1096 2249 addi
1122 2208 1188 2249 καὶ
1215 2208 1309 2263 περὶ
1333 2207 1510 2260 τούτους,

140 2276 193 2320 ὦν
221 2279 350 2333 ἡγεῖτο
376 2280 440 2319 καὶ
459 2280 552 2333 περὶ
571 2278 747 2328 ἐκείνους,
777 2274 837 2326 οἷς
858 2277 1052 2329 ἐπολέμει.
1099 2279 1206 2327 „Non
1224 2280 1355 2329 igitur,
1375 2280 1510 2329 inquit,

141 2348 366 2399 Agesilaum
399 2348 523 2386 multa
559 2359 742 2398 peccasse
777 2350 960 2398 negatur,
996 2346 1064 2386 sed
1091 2345 1188 2385 nihil
1214 2359 1301 2385 eum
1328 2359 1511 2398 peccasse

141 2430 268 2467 neque
294 2417 335 2456 in
364 2429 453 2456 suos
481 2417 583 2456 cives
610 2420 679 2455 aut
705 2416 861 2465 milites,
889 2428 1014 2466 neque
1041 2417 1082 2454 in
1109 2415 1276 2455 hostes.“

269 2564 292 2605 ¹)
315 2563 365 2597 Cf.
388 2563 523 2596 Diatrib.
547 2562 661 2604 Eurip.
683 2573 714 2604 p.
740 2563 813 2595 266.

265 2622 291 2660 ²)
315 2620 362 2654 Cf.
386 2619 517 2654 frosod.
542 2630 648 2662 graec.
674 2623 795 2653 acuent.
818 2619 917 2652 inclin
952 2630 1027 2662 pag.
1052 2620 1103 2653 59.
1124 2618 1201 2653 edit.
1224 2619 1279 2653 Fr.
1301 2619 1342 2652 A.
1364 2619 1464 2653 wolf.
