1641 2866
778 150 827 186 26

115 272 191 307 τῶν
216 266 407 310 Εἱλώτων.
462 273 597 321 Neque
629 275 768 312 ultima
795 277 828 323 ξ.
858 276 918 313 24.
949 273 1067 312 verba
1093 274 1142 311 de
1171 286 1241 311 suo
1266 286 1371 321 penu
1397 272 1482 310 lau-

118 337 243 366 torem
280 335 459 368 attulisse
498 337 698 377 existimo,
738 348 855 379 quum
885 337 1071 380 plenioris
1097 336 1333 369 narrationis
1360 345 1481 379 appa-

117 399 229 447 reant
261 396 447 457 vestigia,
476 397 617 458 quihus
655 426 696 450 se
735 405 880 450 invitus
908 405 1063 459 prodit,
1090 409 1158 458 qui
1184 406 1481 457 Xenophontem
1535 450 1538 452 μ

118 471 326 505 contraxit.
364 471 460 506 Mihi
488 472 645 516 quidem
673 472 832 507 dubium
861 483 937 507 non
966 475 1037 515 est,
1066 472 1099 506 si
1126 472 1213 517 quis
1237 469 1483 506 contenderit

116 532 235 573 verba
261 533 549 575 Hellenicorum
579 535 664 577 VII.
694 539 728 580 5.
758 539 793 578 8.
826 536 885 577 10.
918 537 977 577 11.
1011 536 1074 587 12,
1108 536 1201 589 quin
1229 533 1403 576 futurum
1430 534 1483 576 sit

117 608 162 639 ut
190 606 485 652 compilatore-m
513 607 790 654 deprehendat.

241 670 361 709 Recte
389 672 511 720 igitur
539 672 587 709 de
614 672 690 710 hac
717 672 873 722 quidem
901 676 1035 722 part-e,
1065 671 1255 720 quidquid
1283 667 1484 708 Beckhau'-

119 736 198 773 sius
237 737 482 781 contradicit,
495 739 525 787 ¹)
561 738 618 775 vir
657 737 794 776 doctus
836 737 1009 776 Cauerus
1045 736 1276 775 iudicavisse
1311 734 1481 773 videtur:

123 802 332 848 „Maxime‚
371 804 516 852 inquit,
551 804 591 840 in
620 803 840 841 enarranda
867 803 1136 852 impressione,
1165 813 1282 851 quam
1310 800 1484 839 Thebani

117 868 157 905 in
191 868 403 907 Laconiam
432 868 626 917 fecerunt,
662 883 724 908 res
758 869 1061 909 confunduntur.
1115 868 1329 907 Exordium
1366 867 1481 906 huius

119 937 354 973 narrationis
390 937 422 973 si
451 941 623 985 spectes,
663 938 711 975 de
739 939 866 986 prima
892 938 1090 975 invasione
1117 939 1255 974 auctor
1283 935 1481 983 cogitavit.

118 999 202 1038 Hoc
231 1002 331 1040 enim
361 1003 538 1052 sequitur
566 1016 612 1041 ex
638 1003 808 1042 hostium
837 1015 1009 1050 numero,
1038 1003 1106 1053 qui
1133 1014 1221 1040 cum
1241 1000 1394 1040 Hellen.
1416 999 1482 1039 VI.

120 1068 155 1108 ἰ).
185 1069 245 1109 23.
275 1070 355 1110 fere
384 1071 595 1121 consentit,
631 1072 787 1111 minime
815 1076 947 1112 autem
976 1085 1062 1111 oum
1090 1070 1241 1111 Hellen.
1270 1069 1355 1110 VII.
1384 1072 1419 1109 5.
1448 1071 1484 1110 4.

118 1138 184 1175 ubi
228 1139 391 1177 alterius
425 1140 683 1188 expeditionis
720 1140 814 1178 socii
848 1144 1135 1178 enumerantur.
1198 1137 1346 1176 Deinde
1373 1138 1482 1187 ipsae

118 1217 179 1243 res
199 1210 331 1254 gestae
351 1211 432 1245 tam
453 1219 547 1256 vage
567 1206 799 1253 referuntur,
828 1211 873 1245 ut
894 1211 1019 1245 utram
1040 1205 1324 1257 expeditionem
1347 1207 1484 1243 auctor

120 1275 349 1322 narraverit,
378 1288 454 1313 non
482 1275 642 1325 liqueat.
682 1276 856 1325 Denique
884 1276 915 1314 si
944 1274 1059 1314 finem
1087 1275 1287 1313 relationis
1315 1277 1481 1323 spectas,

119 1342 329 1380 secundam
359 1343 645 1393 expeditionem
686 1348 823 1382 auctor
861 1343 903 1381 in
944 1347 1072 1382 mente
1098 1341 1279 1381 habuisse
1319 1340 1483 1379 videtur.

119 1409 214 1456 Quis
241 1409 538 1461 Xenophontem
567 1416 700 1451 tantae
728 1411 965 1451 confusionis
985 1416 1182 1451 auctorem
1201 1409 1479 1450 iudicaverit?“

243 1478 350 1526 Quae
378 1480 419 1518 in
447 1481 620 1519 encomio
649 1493 673 1518 a
700 1481 731 1531 ἓ.
753 1483 813 1518 25.
843 1493 964 1530 usque
991 1480 1043 1519 ad
1068 1479 1183 1518 finem
1208 1467 1324 1518 huius
1344 1478 1484 1529 capitis

120 1555 351 1596 narrantur,
395 1548 442 1587 de
478 1549 525 1587 iis
563 1552 710 1588 certum
745 1548 928 1587 iudicium
965 1548 1049 1588 fieri
1080 1549 1144 1588 vix
1178 1552 1328 1600 potest,
1364 1559 1483 1598 quum

119 1630 219 1667 quae
253 1617 302 1656 ab
339 1618 519 1667 Agesilao
557 1618 646 1657 inde
681 1632 704 1657 a
737 1631 868 1669 pugna
903 1618 1138 1658 Mantinensi
1175 1622 1307 1668 gestae
1342 1621 1482 1663 essent,

121 1699 246 1736 neque
273 1686 487 1737 Xenophon
515 1700 640 1737 neque
668 1688 771 1726 ullus
799 1688 905 1726 illius
931 1688 1074 1727 aetatis
1102 1688 1270 1738 scriptor
1297 1690 1485 1734 servatus,

121 1759 312 1804 quantum
341 1755 473 1803 video,
507 1757 716 1794 memoriae
745 1756 964 1795 tradiderit.
1020 1756 1205 1802 Fortasse
1234 1756 1403 1805 scriptor
1429 1768 1488 1793 se-

122 1826 235 1861 cutus
263 1828 322 1862 est
354 1823 657 1875 Theopompum,
685 1824 732 1863 de
761 1836 837 1874 quo
866 1827 910 1863 A.
940 1824 989 1863 H.
1018 1825 1061 1863 L.
1089 1823 1303 1863 Heerenius
1332 1823 1489 1874 scripsit

119 1891 238 1930 haec:
282 1892 593 1942 „Theopompum
623 1905 689 1941 ea,
719 1905 818 1942 quae
846 1893 886 1931 in
914 1893 1101 1943 temporis
1129 1892 1357 1939 intervallo,
1386 1893 1491 1942 quod

121 1959 221 1998 inter
248 1959 364 1999 finem
398 1960 688 1999 Hellenicorum
727 1961 779 2013 (a.
808 1961 901 2013 394)
933 1967 972 2000 et
999 1961 1154 1999 initium
1182 1960 1487 2011 Philippicorum

120 2028 339 2076 intercedit,
368 2032 479 2078 gesta
507 2033 609 2078 sunt,
638 2030 713 2067 nisi
743 2030 882 2076 omnia,
913 2029 1052 2067 saltem
1080 2029 1271 2079 graviora,
1302 2029 1488 2079 episodiis

120 2097 259 2134 maiori
288 2098 395 2146 operi
423 2098 580 2136 insertis
607 2098 832 2146 repetivisse
852 2098 1057 2135 verisimile
1077 2100 1148 2135 est.
1187 2097 1284 2135 Tum
1304 2097 1487 2146 Agesilai,

125 2167 205 2199 tum
246 2162 540 2211 Epaminondae
568 2176 629 2201 res
658 2163 1108 2213 gestasxTheopompum
1136 2163 1314 2213 attigisse
1342 2163 1492 2202 clarum

123 2235 180 2268 est
213 2244 259 2268 ex
296 2231 527 2280 fragmento,
564 2231 668 2280 quod
695 2231 800 2281 apud
829 2232 1073 2270 Athenaeum
1099 2244 1138 2281 p.
1169 2234 1255 2271 614.
1283 2230 1437 2270 habes.“
1456 2232 1488 2282 ²)

247 2298 306 2336 Ex
343 2299 409 2347 iis,
453 2311 552 2348 quae
593 2299 732 2346 attuli,
771 2299 866 2337 satis
902 2299 1040 2349 opinor
1068 2298 1206 2346 elucet,
1235 2298 1491 2347 laudatorem,

123 2366 391 2416 Xenophontis
426 2366 593 2405 historia
627 2367 699 2405 sub
738 2367 862 2406 oculis
901 2367 1029 2416 posita
1056 2366 1227 2416 plurima
1252 2366 1306 2404 ad
1333 2367 1491 2405 verbum

250 2517 260 2538 1
295 2514 333 2546 L.
355 2522 383 2547 c.
426 2522 446 2545 a
470 2538 478 2546 .
501 2513 550 2545 14.

247 2514 273 2610 Ἐξ
297 2569 346 2603 cf.
368 2524 426 2602 Del:
439 2523 537 2611 {rogi
562 2570 704 2611 Pompeii
734 2570 878 2603 fontibus
901 2574 933 2602 et
953 2571 1146 2603 auctoritate
1180 2580 1253 2611 pag.
1280 2570 1344 2602 195
1366 2575 1400 2601 et
1420 2570 1494 2601 216.
