1641 2866
803 169 852 205 52

153 294 272 340 atque
301 291 529 330 conformat.
585 292 630 330 Id
658 293 690 331 si
719 293 766 331 de
784 293 864 331 ullo
883 293 961 331 alio
980 293 1169 342 scriptore
1197 292 1289 330 licet
1315 291 1512 337 affirmari,

148 349 256 396 certe
284 357 333 397 de
359 357 629 409 Xenophonte,
672 360 781 399 cuius
810 361 937 399 oratio
964 359 1230 399 fidelissimam
1260 359 1341 399 eius
1368 359 1513 410 ingenii

144 426 353 476 imaginem
391 427 671 476 propemodum
717 432 807 466 ante
858 429 989 466 oculos
1041 428 1229 466 collocat.·
1275 427 1349 473 Qui
1394 439 1512 477 quum

144 492 265 531 fuerit
297 493 412 532 homo
441 494 627 545 simplex,
661 495 791 533 animo
819 495 901 534 alto
929 494 1161 545 placidoque
1189 493 1403 544 praeditus,
1431 493 1513 544 ple-

144 573 217 599 nus
244 561 514 610 humanitatis,
542 563 696 612 pulchri
725 563 953 612 venustique
968 574 1116 610 amans,
1144 562 1203 599 vir
1230 561 1397 611 denique
1424 574 1512 611 pro-

144 627 218 667 bus
246 641 291 667 ac
314 629 513 678 honestus,
541 630 683 668 mirum
709 643 786 670 non
806 634 877 678 est,
908 630 1012 680 quod
1031 630 1077 669 de
1098 631 1179 668 eius
1198 629 1353 668 dicendi
1372 642 1512 680 genere

145 696 186 737 C.
216 696 343 736 Guiel.
371 697 584 749 Kriigerus‚
612 699 670 738 vir
698 703 737 738 et
763 699 895 738 iudicii
919 697 1147 738 sinceritate
1167 702 1329 738 ornatus
1350 703 1390 738 et
1414 699 1511 737 inte-

144 766 258 804 rioris
285 765 438 804 dicendi
464 766 750 816 cogitandique,
780 780 857 816 qua
885 780 976 805 usus
1005 771 1065 805 est
1092 766 1320 816 Xenophon,
1348 766 1511 805 rationis

143 825 417 883 peritissimus,
452 834 655 884 praedicat
700 835 813 873 haec:
869 835 938 873 Bei
966 835 1035 873 der
1063 835 1228 873 feinsten
1255 835 1510 884 Berechnung

79 938 82 942 ,
143 901 197 939 ist
224 902 307 940 sein
335 901 506 952 Vortrag
552 902 718 941 schlicht
760 903 839 941 und
867 902 1030 951 einfach,
1072 902 1167 942 aber
1211 902 1311 941 doch
1345 902 1512 952 gewahlt

144 969 224 1008 und
251 969 579 1021 geschmackvo113
615 970 762 1021 biiudig
789 970 869 1009 und
896 983 1109 1021 gemessen,
1138 970 1232 1009 aber
1260 970 1360 1009 doch
1387 971 1510 1009 durch

143 1038 256 1076 einen
283 1037 463 1076 Wechsel
490 1051 564 1077 von
593 1039 850 1089 Wendungen
876 1039 958 1079 und
971 1039 1059 1077 klar
1078 1038 1319 1077 eutfaltende
1346 1038 1511 1088 Fiigung

145 1105 288 1145 belebt.
341 1106 470 1145 Ueber
511 1108 638 1146 seiner
680 1120 827 1157 ganzen
875 1107 1126 1157 Darstellung
1167 1106 1268 1145 weht
1295 1106 1366 1144 der
1393 1106 1510 1144 milde

145 1173 283 1212 Hauch
321 1175 426 1213 eines
467 1175 717 1213 harmonisch
762 1175 1011 1223 gestimmten
1051 1174 1205 1212 Geistes
1233 1173 1313 1211 und
1341 1174 1511 1223 sinniger

143 1242 485 1291 Gemiithlichkeit,
532 1242 789 1293 gefiihlvoller
821 1242 1072 1282 Theilnahme
1109 1242 1190 1281 und
1217 1240 1510 1291 durchgebilde-

142 1315 204 1350 ter
249 1310 489 1350 Sittlichkeit
499 1312 540 1360 1).
596 1311 679 1349 Has
726 1311 945 1360 singulares
989 1311 1179 1349 orationis
1224 1310 1306 1348 eius
1347 1311 1510 1348 virtutes

142 1379 260 1417 etiam
288 1382 437 1418 veteres
456 1378 765 1428 admirabantur,
793 1380 960 1418 maxime
989 1379 1234 1427 suavitatem,
1253 1378 1355 1417 unde
1370 1391 1510 1417 nomen

142 1449 178 1486 ei
205 1447 398 1486 dederunt
440 1448 594 1486 Atticae
637 1448 773 1486 Musae
801 1448 861 1486 vel
889 1448 988 1497 apis.
1018 1447 1153 1485 Cicero
1182 1446 1339 1496 quidem
1368 1459 1455 1484 eum
1484 1460 1509 1485 a

141 1514 286 1554 forensi
313 1515 483 1565 strepitu
504 1518 707 1561 remotum,
735 1515 805 1554 sed
823 1514 988 1562 dulcem,
1016 1515 1133 1553 immo
1153 1514 1267 1553 melle
1295 1513 1507 1554 dulciorem

141 1586 258 1622 vocat
303 1586 343 1622 et
384 1584 466 1622 eius
512 1596 578 1622 ore
607 1583 740 1622 Musas
777 1583 930 1622 locutas
958 1596 1042 1621 esse
1070 1582 1207 1621 scribit
1220 1582 1265 1633 ⁹).
1311 1582 1507 1644 ,Similiter

140 1650 291 1689 iudicat
338 1651 613 1700 Quintilianus,
656 1651 724 1701 qui
752 1651 924 1690 nativam
952 1652 1035 1690 eius
1065 1650 1356 1701 simplicitatem
1383 1654 1422 1690 et
1448 1651 1506 1689 in-

140 1718 366 1758 affectatam
393 1721 688 1767 iucunditatem,
717 1733 833 1770 quam
862 1720 971 1758 nulla
988 1720 1112 1770 possit
1141 1720 1324 1769 consequi
1350 1718 1505 1758 affecta-

139 1787 208 1835 tio,
237 1799 471 1838 magnopere
511 1787 650 1826 laudat
662 1787 705 1839 ⁸).
761 1786 940 1826 Profecto
985 1786 1211 1838 Xenophon,
1240 1787 1298 1825 vir
1324 1786 1507 1826 militaris

140 1859 180 1893 et
206 1855 248 1893 in
275 1854 480 1894 verborum
509 1856 697 1894 electione
725 1869 803 1894 non
817 1856 931 1894 nimis
958 1855 1217 1906 religiosus4),
1246 1855 1350 1893 omni
1375 1858 1506 1904 spreto

139 1925 281 1961 ornatu
311 1926 350 1961 et
367 1923 647 1973 praetermissa
664 1923 713 1970 vi,
741 1923 957 1973 simplicem
987 1935 1140 1972 semper
1166 1923 1371 1961 veritatem
1399 1935 1506 1972 spec—

139 1993 211 2027 tat.
266 1989 596 2031 Lucutentissimo
632 1991 714 2029 eius
754 1990 812 2029 rei
834 1991 1067 2030 documento
1094 1995 1201 2029 totus
1229 1993 1300 2036 est,
1325 2002 1438 2039 quem
1466 1991 1506 2028 in

140 2056 313 2096 Socratis
358 2058 586 2098 memoriam
613 2059 873 2110 conscripsit‚'
902 2058 1002 2099 liber
1029 2058 1351 2098 Memorabilium.
1406 2058 1506 2098 Nam

139 2126 213 2164 etsi
241 2138 392 2165 summa
437 2127 584 2176 pietate
618 2128 851 2177 magistrum
885 2126 1049 2174 colebat,
1079 2131 1210 2166 tamen
1237 2126 1384 2166 leniore
1412 2139 1506 2176 quo-

138 2191 229 2231 dam
266 2206 360 2233 sono
406 2195 545 2242 utitur,
592 2194 658 2234 ubi
699 2194 963 2234 vehementius
1008 2207 1096 2234 eum
1138 2198 1287 2234 motum
1314 2194 1451 2233 credas
1461 2194 1504 2245 ⁵).

266 2327 290 2364 1)
313 2324 361 2356 Cf.
383 2325 517 2357 Eiuleit.
539 2325 572 2356 in
597 2325 649 2356 die
671 2326 792 2365 griech.
812 2326 1028 2366 Sprachlehre
1049 2336 1081 2366 p.
1105 2327 1132 2358 7.

262 2383 289 2422 ²)
311 2381 358 2413 cf.
382 2386 463 2414 orat.
487 2382 516 2413 11
553 2382 599 2414 14.
618 2400 656 2404 --
675 2383 700 2423 ³)
723 2382 773 2415 Cf.
798 2384 845 2414 10.
869 2384 896 2415 1.
919 2382 967 2415 81.

260 2440 288 2480 4)
311 2438 359 2471 cf.
383 2439 524 2471 Lobeck.
547 2439 590 2471 ad
613 2439 730 2480 Phryn.
754 2450 786 2480 p.
806 2440 878 2471 315.

262 2497 288 2537 ⁵)
308 2496 379 2528 Hoc
406 2496 599 2529 Heilandius
633 2506 739 2528 secum
768 2497 908 2529 debebat
928 2501 1093 2538 reputare,
1118 2498 1173 2538 qui
1194 2506 1264 2529 eam
1286 2497 1385 2529 animi
1406 2496 1502 2529 affec·

133 2554 265 2593 tionem,
295 2563 359 2594 qua
381 2554 519 2594 scriptor
547 2554 644 2594 paulo
666 2558 741 2594 post
763 2554 858 2585 amici
879 2557 1013 2585 mortem
1040 2554 1156 2593 fuerat,
1178 2564 1328 2595 magnam
1350 2554 1503 2586 habuisse

134 2613 228 2650 putat
248 2610 314 2641 vim
335 2610 377 2642 ad
400 2610 587 2642 mutandam
609 2610 738 2643 dicendi
759 2610 927 2643 rationem.
