1641 2866
797 194 904 250 11—

139 315 244 355 haud
291 328 381 355 raro
421 315 509 355 aliis
531 313 709 355 ’laborat
761 314 959 355 erroribus
999 315 1158 354 minime
1198 329 1219 355 e
1256 315 1502 355 librariorum

140 383 385 434 neglegentia
412 382 633 434 repetendis
659 395 731 422 nec
757 396 885 434 pauca
920 384 1104 431 continet,
1132 395 1232 434 quae
1258 384 1320 422 vel
1347 384 1503 423 omnino

140 450 214 490 sibi
257 455 478 502 repugna-nt
522 451 583 490 vel
624 464 701 490 non
742 451 838 491 satis
881 453 972 502 apte
1008 451 1219 491 cohaerent
1234 452 1303 503 ¹).“
1355 451 1429 500 Sic,
1460 455 1505 490 ut

119 510 356 570 >exemplum
376 518 547 568 afferam,
568 518 696 558 verbis
724 519 864 570 capitis
883 518 950 558 VI.
978 521 1013 568 ξ.
1039 521 1081 558 1;
1111 519 1199 567 „naz
1223 517 1244 557 ὁ
1263 516 1502 567 Παιανιεύςιι

139 600 196 638 sq.
226 587 505 628 Demosthenes
533 588 636 628 inter
663 600 729 628 eos
756 586 927 628 refertur
953 591 1140 636 oratores,
1169 600 1334 638 quorum
1361 588 1504 628 oratio—

141 669 210 695 nes
240 656 421 696 funebres
469 657 587 696 etiam
614 658 707 694 tunc
744 659 897 694 exstent
923 656 1121 706 legendae.
1179 658 1229 695 At
1256 656 1332 695 loci
1360 656 1504 706 Diony-

140 724 205 764 sii:
241 724 359 778 „napi
395 727 465 777 τῆς
496 724 667 777 λεκτικῆς
703 722 983 777 Δημοσθένους
1010 722 1252 777 δεινότητοςιι
1281 736 1369 774 pag.
1404 724 1501 763 1027

139 796 179 831 ct
210 795 306 831 1095
325 794 355 844 ἵ)
402 805 490 832 eum
537 792 748 832 ostendunt
775 794 989 833 oratione-m
1027 794 1135 832 illam
1162 791 1375 839 funebrem,
1404 804 1503 841 quae

137 860 241 899 inter
286 860 557 900 Demosthenis
602 860 798 900 orationes
851 861 966 911 vulgo
1022 861 1228 911 legeretur,
1273 859 1503 898 iudicavisse

138 928 309 979 spuriam
320 927 364 981 ⁸).
392 928 571 968 Profecto
614 941 812 979 nunquam
856 929 986 980 potuit
1030 929 1122 968 talis
1157 928 1324 967 'illarum
1370 940 1503 966 rerum

138 996 267 1046 iudex,
297 996 423 1048 qualis
450 996 525 1036 fuit
546 997 766 1049 Dionysius,
794 998 1008 1038 orationem
1028 998 1135 1037 illam
1159 996 1408 1036 Demostheni
1434 997 1504 1035 tri-

137 1065 267 1106 buere.
320 1065 447 1105 Locus
492 1066 614 1116 igitur
653 1066 766 1106 modo
811 1067 959 1107 atlatus
1005 1080 1082 1105 non
1120 1080 1143 1105 a
1184 1066 1386 1116 Dionysio,
1434 1064 1504 1104 sed

138 1134 188 1174 ab
215 1134 292 1175 alio
320 1135 449 1174 nescio
476 1148 554 1185 quo
586 1135 786 1186 profectus
825 1136 876 1175 sit
902 1148 1059 1175 necesse
1088 1139 1157 1174 est.
1189 1134 1316 1181 Quid?
1346 1133 1380 1172 si
1400 1132 1503 1172 idem

139 1202 186 1242 de
215 1202 341 1242 verbis
369 1203 618 1242 statuendum
643 1206 714 1252 est,
759 1216 860 1254 quae
888 1217 1005 1253 supra
1035 1203 1266 1242 citavimus?
1321 1202 1406 1240 Iam
1433 1214 1503 1240 au-

138 1270 303 1319 diamus,
331 1271 424 1321 quid
452 1271 499 1310 de
526 1271 599 1310 hac
626 1272 712 1322 ipsa
738 1284 781 1311 re
809 1271 1016 1319 Schottius,
1047 1269 1410 1321 praestantissimus
1436 1269 1503 1308 ille

139 1339 312 1389 Dionysii
340 1338 478 1388 editor,
500 1339 741 1380 iudicaverit.
769 1340 944 1388 „Omnis‚
972 1340 1111 1390 inquit,
1142 1343 1181 1378 et
1200 1338 1344 1390 capitis
1375 1338 1502 1377 octavi

140 1410 179 1447 et
203 1407 297 1447 noni
323 1407 474 1447 indoles
501 1411 619 1456 vetat,
644 1421 691 1447 ne
720 1409 807 1458 quis
845 1407 894 1447 ab
921 1421 999 1447 uno
1027 1408 1238 1457 eodemque
1267 1409 1426 1446 auctore
1456 1419 1502 1445 ea

137 1475 314 1527 profecta
342 1476 614 1529 existimet4).“

241 1543 350 1583 Idem
378 1549 495 1595 caput
522 1548 701 1584 octavum
721 1544 907 1594 Dionysio
923 1543 1223 1583 adscribendum
1250 1556 1334 1583 esse
1362 1542 1496 1581 multis

140 1614 180 1650 et
204 1611 328 1650 firmis
353 1611 537 1661 probavit
563 1612 803 1662 argumentis
815 1612 859 1663 ⁵),
889 1611 956 1651 sed
983 1612 1031 1650 de
1064 1612 1191 1661 capite
1220 1623 1334 1659 nono,
1362 1610 1410 1649 de
1425 1623 1501 1660 quo

139 1680 373 1730 quaerimus,
401 1679 474 1718 hoc
501 1680 687 1719 iudicium
714 1681 754 1719 in
781 1680 951 1719 medium
977 1679 1151 1730 proferre
1179 1693 1256 1719 non
1284 1678 1500 1719 dubitavit:

140 1746 243 1795 „Eae
272 1748 412 1797 capitis
440 1748 532 1787 noni
558 1753 705 1798 partes,
736 1761 836 1797 quae
864 1760 949 1786 cum
964 1748 1185 1797 praeceptis
1205 1748 1333 1797 capite
1362 1752 1499 1787 octavo

136 1814 345 1865 propositis
372 1814 486 1865 plane
515 1815 775 1863 consentiunt,
804 1814 995 1855 debentur
1014 1815 1173 1862 rhetori,
1204 1815 1271 1865 qui
1299 1828 1418 1865 quum
1446 1815 1498 1854 ad

137 1882 355 1932 exemplum
392 1883 652 1933 Dionysianae
687 1884 1024 1922 commentationis
1065 1882 1157 1936 περὶ
1184 1879 1307 1933 λόγων
1334 1881 1501 1934 ἐσχημα-

136 1948 323 1999 τισμένων
349 1950 432 2001 ipse
471 1950 590 1990 aliam
617 1950 664 1989 dc
699 1950 832 1990 eodem
860 1951 1080 1990 orationum
1116 1963 1255 2001 genere
1284 1949 1502 1990 conscribe—

136 2021 208 2066 ret,
237 2018 463 2069 Dionysium
511 2018 653 2069 ubique
682 2022 773 2058 ante
810 2019 940 2059 oculos
966 2018 1142 2059 haberet.
1197 2019 1405 2058 Accessere
1432 2032 1501 2069 po-

143 2088 228 2125 stea
255 2086 421 2126 aliorum
466 2087 657 2126 lectorum
683 2086 930 2126 rhetorumve
959 2086 1251 2126 observationes
1279 2086 1340 2125 vel
1367 2100 1415 2125 ex
1441 2087 1500 2137 ip-

138 2166 268 2193 sorum
295 2154 449 2205 ingenio
478 2158 615 2195 enatae
643 2155 703 2194 vel
730 2168 778 2194 ex
804 2155 980 2207 [aliorum
1009 2155 1296 2195 commentariis
1324 2157 1363 2194 et
1389 2167 1501 2204 prae-

137 2222 260 2271 ceptis
288 2221 541 2272 depromptae
553 2223 621 2273 ⁶).“
678 2223 748 2261 His
785 2223 905 2272 igitur
941 2236 987 2262 ea
1015 2235 1170 2273 quoque
1196 2222 1328 2270 verba,
1358 2221 1498 2271 quibus

221 2351 245 2393 1)
266 2351 316 2386 Cf.
339 2351 518 2386 Schottius:
542 2352 676 2395 Dionys.
689 2352 763 2385 Hal.
784 2351 930 2394 prolegg.
953 2362 984 2393 p.
1007 2352 1064 2386 XI.

218 2410 244 2452 2)
264 2409 327 2444 Ed.
349 2409 462 2444 Reisk.
484 2410 524 2445 Τ.
544 2410 601 2444 Vl.

217 2468 245 2506 3)
268 2467 318 2502 Cf.
340 2468 471 2511 Taylor.
492 2468 526 2500 in
547 2471 638 2501 oratt.
663 2477 767 2510 graec.
791 2478 810 2501 a
833 2467 944 2502 Reisk.
965 2467 1015 2500 ed.
1045 2468 1083 2501 T.
1106 2468 1162 2502 VI.
1185 2478 1216 2509 p.
1239 2468 1311 2504 231.

217 2527 245 2566 ⁴)
266 2525 387 2559 Schott.
410 2526 555 2568 prolegg.
579 2537 609 2568 p.
633 2526 720 2561 XLI.

219 2583 243 2623 Ι3)
266 2583 392 2617 Schott.
411 2583 556 2625 prolegg.
578 2595 611 2626 Ρ.
634 2584 733 2616 LXV.

217 2643 245 2679 6)
270 2639 350 2672 Ibid.
373 2650 404 2681 p.
427 2641 546 2674 XLIIL
