1641 2866
791 151 839 188 56

255 278 417 317 Maioris
445 289 535 316 vero
563 275 751 316 momenti
770 278 829 314 est
846 273 1048 326 scriptoris
1068 271 1308 313 consuetudo
1328 271 1500 311 eiusdem

129 346 187 386 rei
228 350 309 385 tam
351 358 467 396 saepe
506 344 729 385 notionibus
766 343 838 383 sibi
875 343 1084 383 contrariis
1112 339 1414 391 significandae,
1456 343 1500 379 ut

131 413 263 452 taedio
300 412 530 452 afficiamur.
587 412 700 458 Quod
728 424 805 461 quo
838 411 977 449 melius
1007 412 1288 459 cognoscatur,
1329 408 1501 456 singulos

127 480 234 519 locos
260 479 391 530 placet
418 491 662 519 enumerare:
707 479 737 519 Ι.
766 480 801 518 2.
839 478 875 518 3.
904 477 1011 531 (bis.)
1040 480 1074 515 8.
1105 477 1166 516 21.
1197 474 1337 533 29.111.
1368 477 1402 513 6.
1439 476 1499 513 12.

129 549 191 589 26.
224 548 294 588 ΙΙΙ.
334 551 364 588 1.
402 548 468 588 IV.
508 550 542 587 4.
580 546 625 588 V.
654 548 686 588 1.
716 546 825 599 (bis.)
854 547 890 585 2.
920 547 956 586 3.
985 549 1020 584 4.
1049 545 1114 585 VI.
1144 547 1178 583 2.
1209 543 1317 596 (bis.)
1346 544 1382 583 3.
1411 542 1496 582 VII.

133 618 166 658 1.
198 619 233 657 5.
263 619 298 655 6.
329 619 363 656 7.
394 615 498 654 VIII.
533 619 564 654 1.
593 617 629 654 4.
661 618 696 655 5.
721 615 788 656 ΙΧ.
832 618 867 656 5.
898 617 931 653 6.
960 614 1006 655 X.
1036 616 1075 654 2.
1103 616 1137 652 3.
1167 612 1234 652 XI.
1264 615 1299 652 2.
1327 612 1362 652 3.
1392 611 1499 664 (bis.)

130 689 165 726 6.
195 689 229 724 9.
263 686 322 725 11.
352 684 460 737 (bis.)
517 684 604 723 Huc
641 684 898 724 adnumerare
926 683 1043 722 liceat
1069 682 1195 729 locos,
1223 680 1291 719 ubi
1318 680 1500 719 laudator

129 765 221 791 usus
252 756 311 791 est
338 748 391 790 οὐ,
409 748 537 800 μόνων,
566 747 666 789 ἀλλά
695 755 734 790 et
762 748 873 790 οὐδὲν
900 745 1012 802 ἧττον
1039 746 1079 801 ἦε
1109 750 1138 788 Ι.
1169 749 1230 789 20.
1259 751 1320 786 21.
1350 750 1411 788 35.
1439 751 1499 787 38.

129 820 194 859 IV.
224 823 259 859 2.
290 819 356 860 VI.
385 820 420 858 3.
452 818 554 857 VIII.
584 819 619 856 2.
649 818 716 859 IX.
744 819 780 857 4.
810 819 876 858 XI.
909 822 940 856 1.
972 821 1006 856 2.
1033 817 1071 855 4.
1100 820 1136 856 8.

252 887 364 926 Hanc
396 885 603 924 verborum
640 886 790 936 copiam
829 886 998 935 scriptor
1033 884 1122 923 aliis
1158 897 1313 935 quoque
1349 883 1501 923 artibus

128 953 268 993 effecit.
323 954 426 1004 Lege
455 966 600 1003 quaeso
628 955 660 1004 ἓ.
695 957 751 991 17.
781 953 921 1003 capitis
948 953 1002 991 L:
1031 951 1121 992 ἐπεὶ
1147 948 1323 1001 πόλεμος
1358 953 1498 1005 προεῤ-

129 1019 233 1074 ῥὴθη
259 1021 325 1060 καὶ
351 1020 396 1059 τὰ
426 1018 627 1069 ἐξαπατᾶν
655 1016 765 1059 ὅσιόν
789 1034 833 1059 τε
859 1020 924 1059 καὶ
951 1019 1099 1059 δίκαιον
1116 1019 1160 1069 ἐξ
1174 1019 1321 1060 ἐκείνου
1340 1019 1500 1071 ἐγένετο,

130 1089 256 1129 παῖδα
300 1086 485 1137 ἀπέδειξε
524 1104 556 1127 κ.
591 1103 625 1127 τ.
659 1089 693 1127 λ.
762 1088 891 1127 Verba
932 1087 976 1137 ἐξ
1019 1087 1165 1127 ἐκείνου
1209 1089 1501 1139 perspicuitatis

131 1170 250 1196 causa
278 1158 512 1207 scriptorem
536 1157 713 1195 intulisse
748 1156 1068 1195 Breitenbachius
1096 1156 1202 1204 dicit,
1231 1156 1335 1205 quod
1361 1155 1502 1205 proba-

129 1237 223 1273 rem,
252 1225 285 1263 si
312 1223 356 1273 ἐξ
384 1222 531 1263 ἐκείνου
559 1224 608 1263 ab
633 1222 721 1263 ἐπεί
748 1224 901 1273 longius
930 1223 1108 1271 distaret,
1137 1223 1206 1262 sed
1233 1236 1369 1262 novem
1384 1223 1499 1262 modo

128 1292 247 1331 verba
287 1293 522 1342 interposita
562 1295 664 1330 sunt.
733 1292 871 1341 Itaque
900 1292 1000 1329 sicut
1027 1291 1195 1330 libenter
1222 1291 1500 1339 condonamus,

128 1360 233 1409 quod
271 1373 356 1410 cap.
386 1360 416 1400 Ι.
453 1363 514 1399 37.
550 1359 669 1398 verba
695 1359 765 1405 τὰς
791 1355 930 1405 πόλεις
956 1360 1126 1409 repetita
1153 1363 1255 1406 sunt,
1285 1359 1341 1397 ita
1367 1372 1499 1409 super-

127 1439 336 1466 vacaneam
371 1426 650 1466 vocabulorum
685 1426 968 1465 abundantiam
1005 1430 1139 1465 nostro
1179 1427 1265 1465 loco
1293 1425 1499 1476 reprehen-

127 1493 220 1533 dere
253 1494 311 1533 fas
344 1498 414 1533 est.
470 1494 604 1544 Neque
640 1494 768 1532 minus
795 1493 978 1544 displicet
1004 1494 1272 1544 pleonasmus,
1303 1494 1370 1544 qui
1397 1494 1500 1532 inest

127 1562 167 1600 in
194 1564 226 1613 ἓ.
258 1565 330 1601 18:
359 1559 702 1615 προεῖπεν-εἰπών.

250 1630 372 1669 Ρο1·1·0
399 1631 439 1668 in
467 1633 498 1681 ξ.
526 1629 588 1671 21.
602 1629 723 1669 habes
737 1626 930 1682 παιδάρια
947 1626 1079 1682 μικρά.
1100 1630 1359 1669 Deminutivis
1379 1630 1499 1670 inter-

127 1697 219 1736 dum
249 1698 342 1737 addi
369 1695 509 1751 μικρόν
535 1697 773 1736 adiectivum
795 1697 989 1748 Sauppius
1008 1697 1161 1748 probat.
1183 1698 1250 1737 sed
1269 1711 1369 1749 quae
1385 1697 1500 1737 affert

127 1766 321 1817 exempla,
362 1779 408 1805 ea
442 1767 492 1805 ad
522 1766 807 1805 defendendum
837 1766 939 1805 hunc
966 1767 1095 1805 locum
1124 1780 1200 1805 non
1230 1770 1322 1806 sunt
1348 1766 1498 1806 idonea.

126 1833 281 1873 Primus
323 1834 467 1873 citatur
502 1834 611 1873 locus
649 1834 788 1884 Cyrop.
829 1834 912 1873 V11.
955 1837 986 1874 l.
1024 1836 1094 1873 24:
1132 1833 1271 1888 μικρὸν
1308 1833 1498 1883 πλινθίον,

128 1914 263 1940 verum
291 1899 429 1954 μικρόν
457 1902 519 1940 hic
547 1903 770 1951 oppositum
799 1906 859 1940 est
885 1902 1076 1941 adiectivo
1093 1899 1251 1953 μεγάλῳ
1268 1902 1498 1952 insequenti.

126 1969 304 2008 Alterum
333 1970 550 2019 exemplum
578 1970 744 2019 petitum
771 1973 832 2008 est
860 1983 907 2008 ex
929 1970 1069 2020 Cyrop.
1087 1971 1194 2010 VIII.
1215 1971 1251 2010 3.
1268 1973 1335 2009 38:
1363 1969 1500 2024 μικρὸν

124 2033 275 2090 γῄδιον,
303 2036 369 2075 ubi
399 2050 469 2075 cur
497 2037 714 2088 Xenophon
741 2036 974 2077 vocabulum
1001 2038 1100 2078 illud
1128 2038 1347 2086 addiderit,
1375 2052 1499 2090 aeque

123 2106 240 2156 plane
268 2105 521 2156 intellegitur.
576 2106 791 2145 Pheraulas
820 2107 933 2154 enim,
962 2107 1030 2156 qui
1057 2112 1144 2146 erat
1170 2108 1286 2146 homo
1314 2108 1493 2147 divitissi-

123 2186 223 2219 mus,
250 2173 305 2212 ibi
334 2175 505 2224 exponit,
533 2186 653 2224 quam
679 2186 829 2224 pauper
857 2178 974 2213 antea
1001 2175 1132 2216 fuerit.
1168 2175 1277 2215 Idem
1292 2174 1498 2215 dicendum

125 2246 184 2281 est
211 2241 259 2280 de
286 2241 416 2280 verbis
446 2242 588 2292 Cyneg.
618 2242 663 2280 V.
697 2243 763 2280 13:
791 2245 867 2280 τῶν
894 2241 939 2282 δὲ
964 2245 1112 2296 μικρῶν
1130 2243 1271 2294 λαγίων
1295 2239 1380 2291 ὄζει
1400 2243 1497 2294 μᾶλ-

122 2309 188 2347 λον
224 2307 248 2361 ἢ
284 2312 360 2347 τῶν
396 2307 583 2360 μεγάλων.
641 2310 717 2349 Sed
756 2314 892 2350 nostro
930 2311 1017 2351 loco
1058 2324 1120 2351 res
1149 2312 1266 2351 aliter
1294 2324 1334 2351 se
1363 2312 1493 2365 habet.

124 2378 221 2416 Nam
263 2391 342 2417 non
377 2378 501 2416 solum
540 2378 851 2417 additamentum
886 2375 1025 2431 μικρόν
1061 2380 1166 2419 omni
1200 2380 1305 2419 iusta
1342 2381 1496 2420 ratione

123 2449 253 2494 caret,
296 2445 365 2485 sed
405 2445 543 2495 etiam,
572 2459 691 2497 quum
727 2447 883 2486 laudem
912 2447 1083 2498 Agesilai
1110 2448 1262 2488 minuat
1283 2477 1294 2495 ,
1334 2448 1384 2488 ab
1411 2449 1496 2500 ipso

122 2515 326 2565 scriptoris
355 2515 517 2553 consilio
546 2514 717 2554 alienum
745 2515 911 2556 videtur.
