1641 2866
801 167 849 203 61

143 285 388 337 Xenophonti
424 288 619 327 vindicare
661 301 779 327 ausus
823 291 894 327 est.
958 287 1168 338 Comparat
1209 287 1323 326 homo
1362 286 1500 325 doctus

142 352 260 392 rerba
304 354 568 405 Cyropaediae
608 355 639 395 Ι.
668 359 702 396 5.
751 359 789 394 7:
835 353 878 394 ἐκ
916 354 1067 394 παίδων
1111 354 1211 407 ὁρῶν
1225 385 1234 402 ,
1270 353 1372 393 unde
1408 353 1503 403 quid

144 420 303 460 luminis
329 425 464 462 nostro
491 423 576 462 loco
602 423 744 472 veniat,
781 423 845 462 vix
871 423 1027 462 dixeris.
1064 422 1231 461 Multum
1259 422 1361 461 enim
1382 421 1503 460 inter-

145 493 205 528 est
230 489 333 529 inter
360 496 569 542 utrumque
601 492 740 532 locum.
794 491 841 530 In
867 491 1092 530 laudatione
1119 491 1226 530 notio
1253 490 1362 529 verbi
1387 501 1504 542 στρα·

141 553 266 596 τεύειν
297 571 542 609 nequaquam
581 560 633 599 ad
668 573 851 611 praesens
878 563 1032 610 tempus
1058 559 1240 610 pertinet,
1268 570 1388 608 quum
1414 570 1504 603 non,

142 629 187 664 ut
220 630 356 675 antea,
392 628 450 666 ita
487 632 570 667 tum
598 642 752 679 quoque
779 629 986 668 Persarum
1013 640 1082 666 rex
1107 628 1148 665 in
1176 627 1382 665 Graeciam
1397 656 1407 674 ,
1435 624 1503 664 sed

143 694 345 744 Agesilaus
378 694 493 735 rebus
530 696 646 746 plane
679 697 841 736 mutatis
870 698 911 735 in
947 696 1080 735 Asiam
1109 698 1245 733 contra
1271 694 1411 733 Persas
1439 706 1503 732 ex-

142 760 380 810 peditionem
427 763 558 801 faciat.
621 765 673 801 At
712 764 752 802 in
788 762 1030 813 Cyropaedia
1066 762 1284 812 praesentis
1317 761 1504 812 temporis

141 830 392 880 participium
420 830 469 870 ob
497 844 583 870 eam
602 844 759 870 causam
780 835 911 881 potest
934 831 1039 878 ferri,
1068 829 1173 880 quod
1191 829 1315 880 Cyrus
1333 842 1357 868 a
1375 832 1505 880 pueris

142 909 294 948 semper
311 911 435 948 usque
453 898 504 937 ad
521 911 706 949 praesens
719 902 873 949 tempus
883 899 1029 937 milites
1049 897 1147 936 bene
1159 910 1199 936 se
1208 900 1385 948 gerentes
1396 896 1504 937 vidit.
1576 903 1579 906 '

266 966 402 1017 Neque
429 967 557 1006 minus
585 966 807 1007 offensionis
833 968 978 1007 habent
1004 966 1123 1006 verba
1150 966 1199 1006 11.
1229 967 1302 1005 14:
1350 964 1440 1005 ἐπεί
1463 979 1506 1016 γε

141 1032 218 1084 μὴν
246 1031 376 1084 ἔληξεν
404 1033 427 1084 ἦ
452 1031 573 1085 μάχη,
600 1037 728 1086 παρῆν
755 1034 801 1086 δὴ
820 1032 1056 1082 θεάσασθαι,
1085 1032 1181 1090 ἔνθα
1205 1033 1413 1072 συνέπεσον
1439 1030 1505 1071 ἆλ-

140 1097 284 1154 λὴλοις,
319 1100 387 1154 τῆν
412 1100 483 1151 μὲν
508 1105 576 1154 γῆν
602 1100 738 1152 αἰζιια-τι
766 1101 1023 1156 πεφυρμένην,
1053 1101 1209 1155 νεκροὺς
1236 1100 1279 1141 δὲ
1304 1101 1503 1150 κειμένους

142 1168 296 1219 φιλίους
321 1169 387 1206 καὶ
413 1169 626 1216 πολεμίους
651 1168 732 1217 μεθ
761 1167 941 1221 ἀλλήλων,
970 1167 1142 1214 ἀσπίδας
1158 1168 1201 1206 δὲ
1218 1169 1505 1221 διατεθρυμμέ-

140 1249 218 1286 νας,
247 1232 393 1290 δόρατα
420 1237 769 1291 συντεθραυσμένα,
797 1237 1009 1292 ἐγχειρίδια
1034 1236 1158 1288 γυμνὰ
1168 1236 1344 1286 κουλεῶν,
1371 1235 1420 1277 τὰ
1435 1235 1506 1286 μὲν

140 1304 275 1353 χαμαί,
303 1303 352 1343 τὰ
381 1302 458 1342 δ’ἐν
484 1302 649 1354 σώμασι,
676 1305 725 1344 τὰ
753 1304 788 1344 δ’
815 1304 873 1345 ἐτι
883 1305 984 1355 μετὰ
997 1309 1140 1358 χεῖρας.
1180 1305 1391 1344 Offendunt
1404 1306 1504 1344 enim

142 1371 263 1412 verba
290 1374 445 1424 poetica
471 1377 540 1426 γῆν
566 1366 702 1424 αἵματι
735 1374 994 1429 πεφυρμένην,
1016 1374 1177 1414 offendit
1199 1374 1324 1414 forma
1342 1373 1507 1413 κουλεῶν

143 1440 304 1480 Homeri
331 1443 492 1491 propria
509 1473 518 1489 ‚
565 1442 725 1481 offendit
765 1444 1002 1493 praepositio
1036 1439 1136 1490 μετά
1169 1455 1257 1480 cum
1285 1443 1506 1481 accusativo

143 1512 379 1550 constructa.
393 1509 423 1562 ¹)
479 1512 538 1549 An
565 1514 699 1561 putas,
740 1511 835 1550 talia
861 1511 991 1550 omnia
1018 1511 1143 1560 ipsam
1170 1509 1410 1549 laudationis
1438 1523 1507 1550 na-

141 1581 271 1616 turam
296 1577 560 1628 fiagitavisse?

268 1644 344 1685 Sed
370 1646 568 1685 videamus
595 1647 685 1686 alia.
704 1647 747 1686 In
767 1649 800 1699 ξ.
821 1648 882 1686 31.
903 1647 1073 1686 eiusdem
1094 1648 1235 1698 capitis
1253 1647 1350 1686 haec
1367 1646 1505 1686 habes:

138 1710 365 1765 Ἀγησίλαος
401 1714 513 1764 γνοὺς
549 1711 610 1753 ὅτι
649 1714 684 1754 εἰ
716 1714 788 1764 μὲν
830 1715 1029 1768 μηδετέρῳ
1064 1712 1321 1767 συλλήψοιτο,
1361 1714 1508 1764 μισθὸν

142 1778 344 1834 οὐδέτερος
359 1794 362 1797 ’
376 1780 486 1821 λύσει
520 1786 604 1828 τοῖς
637 1798 669 1820 κ.
704 1797 738 1821 τ.
775 1783 808 1821 λ.
866 1784 940 1821 Hie
980 1787 1051 1833 pro
1078 1797 1140 1821 me
1168 1796 1250 1821 rem
1276 1784 1360 1833 agit
1387 1782 1508 1821 Weis-

141 1848 241 1898 kius,
261 1851 329 1899 qui
347 1849 445 1889 bene
463 1855 644 1890 annotat:
672 1847 777 1890 λύειν
803 1864 874 1901 pro
902 1847 1135 1889 ἀποδιδόναι
1161 1852 1194 1889 si
1220 1850 1374 1899 dicitur,
1403 1855 1507 1889 certe

142 1917 248 1968 apud
267 1917 562 1969 Xenophontem
584 1919 705 1959 nolim
733 1920 951 1959 admittere.
1000 1919 1143 1958 Mirum
1170 1920 1271 1958 enim
1299 1920 1360 1967 sit,
1389 1931 1507 1969 quum

141 1986 365 2037 saepissime
392 1987 434 2026 in
459 1987 716 2038 Expeditione
736 1987 826 2038 Cyri
853 1988 901 2027 de
923 1987 1106 2027 solvendo
1130 1986 1325 2038 stipendio
1339 1986 1505 2035 dicatur,

141 2066 190 2092 ne
218 2055 335 2094 semel
355 2054 512 2104 quidem
540 2055 697 2095 verbum
724 2052 829 2094 λύειν
857 2069 939 2096 esse
966 2056 1191 2107 positum.²)

265 2122 419 2160 Pariter
455 2124 495 2161 in
532 2136 616 2173 cap.
644 2124 714 2162 111.
739 2127 774 2162 4„
803 2123 962 2162 liberius
990 2124 1138 2162 dictum
1166 2128 1226 2161 est
1252 2122 1381 2170 δεξιὰν
1406 2121 1503 2171 πέμ-

141 2200 230 2227 πειν
255 2202 327 2240 pro
355 2186 507 2229 διδόναι
534 2195 574 2230 et
599 2192 640 2230 in
660 2203 744 2241 cap.
763 2191 829 2231 VI.
850 2192 874 2230 3
888 2187 1060 2244 τρόπαια
1078 2187 1372 2244 στρατεύεσθαι,
1393 2191 1504 2240 quasi

141 2256 372 2296 vocabulum
398 2261 575 2309 σρατεῖαι
601 2260 887 2297 antecessisset.

266 2325 365 2365 Tum
391 2325 555 2377 legimus
589 2327 630 2366 in
664 2339 748 2378 cap.
777 2326 862 2368 VII.
891 2329 930 2366 5:
955 2328 992 2365 ἐν
1017 2327 1064 2378 τῇ
1091 2324 1277 2379 Κορίνθῳ
1303 2321 1420 2378 μάχῃ.
1447 2324 1505 2364 De

142 2392 274 2433 dativo
300 2394 377 2433 loci
389 2396 635 2445 grammatici
662 2395 815 2444 docent,
842 2396 1170 2446 praepositionem
1191 2392 1232 2432 ἐν
1249 2394 1506 2434 necessariam

271 2553 295 2593 1)
316 2553 365 2585 ef.
388 2538 423 2585 c.
444 2552 484 2584 e.
507 2552 645 2593 Krfiger.
667 2553 708 2585 ad
732 2552 877 2594 Thucyd.
902 2554 926 2587 1.
950 2552 1019 2585 138.

267 2612 294 2651 2)
316 2608 363 2642 cf.
388 2610 511 2643 weisk.
534 2620 566 2651 p.
588 2610 660 2642 446.
