1641 2866
696 143 819 200 ⁴425

117 299 218 339 quae
261 299 286 325 a
328 286 585 338 Xenophonte
628 287 679 326 ad
722 287 828 338 ipsos
872 285 1198 325 Lacedaemonios
1250 283 1484 322 referuntur,

117 355 252 406 Neque
286 367 349 404 ea,
384 366 485 404 quae
521 354 656 393 insunt
681 354 722 392 in
748 355 782 405 ξ.
812 354 874 402 20,
903 366 990 391 oum
1017 351 1276 402 Xenophonte
1302 350 1484 389 videntur

118 423 339 470 convenire,
380 435 472 461 nam
500 434 547 460 ex
572 421 632 460 his
660 421 951 460 Hellenicorum
979 420 1125 459 verbis:
1164 417 1277 470 ἡμεῖς
1301 416 1374 467 μὲν
1398 413 1485 480 γάρ,

118 487 262 544 ἔφασαν
289 489 346 542 (οἱ
367 487 550 541 Ἀχαιοί),
578 487 680 538 ὑμῖν,
708 483 741 526 ὦ
767 484 914 541 ἄνδρες,
943 484 1053 534 ὅπως
1079 484 1126 525 ἂν
1143 485 1257 537 ὑμεῖς
1268 487 1485 539 παραγγέλ-

116 558 217 611 λητε,
244 554 588 611 συστρατευόμεθα
613 557 677 595 καὶ
705 554 889 605 ἑπόμεθα
915 553 1009 594 ὅποι
1035 553 1082 594 ἂν
1109 555 1266 608 ἡγῆσθε.
1306 580 1342 585 -
1363 559 1486 594 ταῦτα

118 622 284 677 δ’ἐλεγον
319 623 627 672 ὑπαπειλοῦντες
659 626 744 671 τοῖς
775 622 1105 674 Λακεδαιμονίοις
1145 620 1484 677 ἀπαλλαγήσεσθαι

117 697 188 746 τῆς
226 692 470 744 συμμαχίας,
511 691 548 732 εἰ
586 692 641 745 μὴ
682 692 821 739 αὐτοῖς
865 689 1232 745 ἀντεπικουρήσουσι
1244 693 1274 745 ¹)
1308 692 1485 740 Achaim,

120 774 218 812 quos
245 762 470 801 societatem
499 774 588 800 cum
615 761 934 801 Lacedaemoniis
960 761 1060 800 inire
1090 764 1171 800 tum
1191 760 1347 800 demum
1373 773 1488 811 para-

118 834 182 869 tos
209 829 329 869 fuisse
353 829 537 868 laudator
560 829 667 877 dicit,
694 830 772 868 iam
790 829 909 868 fuisse
931 842 1064 868 eorum
1083 830 1208 869 socios
1228 829 1486 879 cognoscitur.

242 897 363 937 Porro
392 897 594 947 Agesilaus
621 898 710 947 paci
735 910 807 947 per
827 897 1072 936 Antalcidam
1103 901 1240 947 postea
1259 896 1487 935 conciliatae

120 967 201 1004 tam
242 964 309 1004 diu
336 965 480 1004 dicitur
509 965 560 1017 (ξ.
589 965 668 1015 21.)
697 965 992 1015 repugnavisse‚
1040 965 1169 1014 quoad
1198 965 1487 1004 Corinthiorum

121 1037 161 1072 et
187 1033 458 1073 Thebanorum
485 1034 615 1073 exules
629 1034 669 1072 in
697 1034 864 1083 patriam
888 1034 1115 1072 reduxisset.
1156 1033 1371 1084 Xenophon
1385 1034 1487 1072 idem

121 1100 169 1139 de
198 1101 409 1140 Corinthiis
436 1102 603 1151 scripsit,
643 1104 685 1139 at
712 1101 916 1140 Thebanos
944 1114 1097 1151 quoque
1125 1105 1286 1151 propter
1313 1101 1485 1140 studium

121 1167 516 1207 Lacedaemoniorum
552 1168 669 1207 fuisse
707 1169 888 1218 expulsos
922 1170 962 1207 in
990 1168 1200 1207 Hellenicis
1238 1182 1315 1207 non
1344 1172 1485 1215 exstat,
1521 1209 1524 1210 γ

122 1247 358 1287 quamquam
400 1235 498 1274 talia
539 1235 684 1274 referre
725 1249 852 1274 rerum
892 1236 1107 1275 narratoris
1148 1236 1271 1286 magis
1298 1236 1487 1274 interesse

122 1304 340 1355 oportebat,
369 1317 488 1354 quam
515 1304 741 1353 laudatoris,
770 1317 885 1355 quem
913 1304 973 1343 his
1000 1305 1039 1342 in
1068 1304 1183 1343 rebus
1207 1304 1486 1343 accuratiorem

126 1371 254 1411 facere
282 1385 443 1423 nequeo.

243 1441 288 1479 In
329 1441 464 1480 eadem
500 1442 748 1491 paragrapho
779 1441 979 1488 laudator,
1022 1445 1230 1490 postquam
1265 1441 1486 1490 Agesilaum

121 1507 380 1547 Phliasiorum
412 1507 546 1547 urbem
579 1508 758 1547 adortum
790 1522 873 1547 esse
906 1508 1114 1556 indicavit,
1141 1508 1237 1547 haec
1264 1507 1403 1547 habet:
1450 1505 1487 1546 εἰ

121 1575 163 1615 δέ
189 1590 251 1623 τις
280 1572 374 1628 ἄλλῃ
400 1591 456 1629 πῃ
480 1579 604 1615 ταῦτα
630 1575 842 1631 μέμφεται,
870 1574 950 1615 ἀλλ’
979 1573 1045 1615 οὖν
1064 1575 1286 1629 φιλεταιρίᾳ
1302 1589 1345 1626 γε
1365 1590 1488 1628 πραχ-

119 1644 238 1684 θέντα
277 1641 427 1698 φανερά
458 1643 552 1685 ἐστι.
607 1645 800 1684 Nimirum
836 1645 1129 1696 Xenophontem
1165 1646 1206 1684 in
1233 1645 1444 1685 Hellenicis
1455 1646 1486 1696 ²)

121 1713 448 1753 Lacedaemonios
489 1713 600 1753 valde
640 1713 922 1764 reprehendere
956 1713 1120 1761 sciebat,
1164 1713 1267 1763 quod
1302 1712 1486 1764 superbia

119 1781 214 1821 elati
242 1785 477 1833 potestatem
505 1781 601 1821 satis
628 1781 798 1833 amplam
827 1785 866 1822 et
882 1780 1136 1821 honorificam
1155 1781 1257 1820 male
1272 1781 1485 1821 auxissent.

119 1849 245 1896 Quam
281 1850 619 1900 reprehensionem
652 1853 697 1888 ut
724 1850 926 1900 aliquanto
953 1850 1104 1889 minuat
1122 1849 1182 1888 vel
1200 1850 1331 1899 potius
1351 1849 1485 1896 elevet,

118 1917 342 1968 Agesilaum
370 1918 583 1956 amicorum
610 1930 704 1956 cura
730 1921 949 1968 permotum
977 1931 1023 1956 ea
1051 1916 1187 1956 fecisse
1215 1916 1389 1956 declarat
1412 1917 1488 1956 ita-

116 1998 192 2036 que
220 1998 307 2025 eum
336 1984 385 2025 ab
413 1987 500 2037 ipso
528 1985 784 2037 Xenophonte
812 1985 1020 2025 defendere
1048 1986 1192 2025 studet.

238 2054 338 2093 Tum
365 2057 569 2104 narratur,
606 2054 829 2105 Agesilaum
857 2054 1168 2105 Cynoscephalas
1195 2057 1481 2104 transgressum

115 2135 209 2170 esse,
238 2121 279 2161 id
306 2122 410 2173 quod
437 2123 477 2162 in
505 2123 662 2173 copiosa
692 2123 879 2162 historiae
900 2122 1072 2162 Graecae
1091 2123 1314 2161 narratione
1334 2122 1483 2160 frustra

114 2190 334 2244 quaeritur,
373 2190 490 2229 immo
527 2189 681 2230 videtur
712 2191 858 2242 negari.
928 2189 1027 2229 Nam
1064 2190 1278 2241 Xenophon
1305 2189 1477 2241 Agesilai

113 2260 190 2299 iter
229 2260 287 2299 ita
319 2258 522 2299 describit:
563 2257 651 2299 ἐπεὶ
685 2258 727 2298 δὲ
760 2258 976 2311 ὑπερέβαλε
1001 2259 1068 2297 τὸν
1097 2261 1325 2312 Κιθαιρῶνα
1352 2257 1478 2298 ἐλθών

113 2324 172 2374 εἰς
190 2326 366 2375 Θεσπιὰς
383 2326 533 2368 ἐκεῖθεν
551 2326 742 2382 ὁρμηθεὶς
759 2322 821 2380 ᾔει
840 2325 910 2367 ἐπὶ
926 2326 995 2381 τὴν
1020 2330 1096 2367 τῶν
1116 2327 1296 2381 Θηβαίων
1309 2323 1485 2381 χώρανθ)

113 2396 155 2437 Si
189 2410 323 2438 verum
358 2401 435 2446 est,
478 2397 583 2448 quod
624 2396 881 2437 Schneiderus
924 2410 972 2437 ex
1008 2397 1068 2437 his
1105 2397 1232 2437 verbis
1274 2396 1483 2444 concludit,

170 2473 211 2476 “⁰
239 2474 404 2532 ἰἷιῗει
426 2491 460 2525 2.

238 2549 498 2591 affluar

239 2607 267 2648 ε)
288 2606 372 2638 Heu.
394 2605 434 2638 v.
455 2606 487 2639 4.
509 2606 560 2639 38.
583 2616 613 2639 v.
635 2608 805 2647 praeterea
826 2606 856 2648 ξ.
877 2606 927 2638 41.
