1641 2866
819 153 869 190 18

155 275 370 313 amicorum
403 274 570 314 multum
606 276 795 316 interesse
830 276 1082 328 opportebat,
1101 286 1102 289 ’
1119 279 1166 316 ut
1199 289 1317 327 quam
1354 277 1521 328 primum

155 341 349 379 ederetur.
403 342 565 392 Itaque,
595 343 629 381 si
656 343 799 391 ullum,
827 347 935 382 certe
961 344 1060 382 illud
1087 344 1214 394 ipsum
1244 347 1416 394 tempus,
1444 356 1521 393 quo

156 408 326 457 Agesilai
363 412 529 449 mortem
565 409 753 460 lugebant
789 423 941 459 omnes,
981 424 1058 461 quo
1092 424 1228 450 recens
1254 412 1358 461 regis
1385 410 1520 461 optimi

155 476 345 514 carissimi
370 476 559 515 memoria
585 478 625 515 in
653 478 793 516 animis
822 479 1075 529 superstitum
1102 478 1269 529 vigebat,
1298 490 1386 517 eum
1408 476 1521 517 debe-
1592 476 1594 479 ’

156 543 224 582 bat
250 544 473 593 admonere,
500 549 546 583 ut
574 546 679 584 illius
698 546 862 596 gloriam
883 548 1020 586 eximie
1038 547 1233 593 laudaret,
1262 548 1403 586 civium
1421 547 1520 585 desi-

155 612 302 650 derium
332 612 581 660 incenderet,
618 626 835 653 maerorem
861 614 1067 661 solaretur.
1122 614 1207 653 Hoc
1232 614 1353 664 igitur
1375 614 1521 654 factum

155 692 239 717 esse
277 681 457 728 protinus
496 684 588 729 post
626 693 770 718 annum
813 681 1006 719 CCCLXI.
1035 695 1069 720 a.
1111 682 1200 721 Chr.
1233 695 1282 729 n.,
1310 694 1388 731 quo
1415 695 1516 720 anno

156 746 360 796 Agesilaus
387 750 553 786 mortem
579 746 678 787 obiit
692 748 734 800 ¹),
765 748 859 798 quid
888 752 990 787 esset
1016 749 1286 799 probabilius?
1314 751 1375 788 An
1392 752 1520 799 putas,

155 814 450 865 Xenophontem
478 816 560 854 sine
587 816 670 854 ulla
697 829 815 855 causa
843 820 1038 871 quattuor
1057 820 1163 856 totos
1182 830 1304 872 annos
1324 817 1385 856 vel
1401 817 1520 855 etiam

154 882 286 933 plures
320 882 587 923 laudationem
621 884 847 923 distulisse?
890 884 1180 924 Hellenicorum
1216 885 1317 923 enim
1351 885 1522 935 quinque

153 952 391 1001 posteriores
418 951 560 996 libros,
601 952 649 991 de
676 953 817 1002 quibus
845 952 937 991 solis
965 954 1111 1002 agitur,
1142 953 1296 991 demum
1324 953 1427 991 inter
1454 966 1522 991 an-

154 1031 248 1057 num
292 1018 520 1057 CCCLVIlI.
565 1023 606 1058 et
634 1033 720 1058 eum
749 1033 912 1066 annum,
940 1032 1017 1070 quo
1045 1023 1199 1058 constat
1225 1020 1518 1070 Xenophontem

159 1099 179 1123 e
212 1087 294 1125 vita
328 1087 562 1134 decessisse,
596 1088 621 1127 i.
663 1101 696 1127 e.
732 1088 836 1126 circa
867 1101 902 1127 a.
938 1088 1133 1127 CCCLIV.
1168 1088 1403 1137 compositos
1436 1100 1519 1126 esse

153 1166 279 1204 posse,
308 1155 478 1192 omnium
507 1155 652 1204 optime
682 1154 871 1205 Spillerus
899 1155 1192 1195 demonstravit.
1209 1155 1240 1206 2)

281 1221 357 1262 Sed
376 1221 416 1261 id
436 1223 561 1273 ipsum
582 1221 805 1273 ambigitur,
823 1236 916 1262 num
936 1222 1148 1274 Xenophon
1168 1235 1256 1262 vere
1277 1223 1329 1261 sit
1348 1222 1519 1273 Agesilai

153 1295 302 1330 auctor.
364 1291 464 1337 Quid
501 1292 647 1340 igitur?
691 1291 731 1330 Si
771 1292 1009 1330 laudationis
1045 1292 1274 1341 scriptorem
1311 1291 1435 1328 multa
1471 1303 1518 1328 ex

153 1359 365 1399 Hellenicis
399 1358 574 1398 hausisse
611 1358 906 1410 comprobatur,
941 1373 1067 1399 nonne
1100 1359 1422 1398 verisimillimum
1449 1362 1519 1405 est,

153 1440 178 1465 a
204 1426 461 1476 Xenophonte
496 1427 569 1465 hoc
603 1439 681 1465 non
713 1427 860 1465 factum
888 1428 1001 1465 esse?
1044 1428 1172 1475 Atque
1199 1426 1295 1465 haec
1321 1439 1409 1464 mea
1436 1439 1521 1464 sen-

152 1494 278 1533 tentia
318 1498 404 1533 tota
443 1495 645 1544 utriusque
672 1493 763 1533 libri
791 1498 934 1533 natura
960 1498 999 1532 et
1025 1493 1156 1532 indole
1183 1493 1350 1532 maxime
1379 1492 1518 1532 confir-

152 1566 295 1601 matur.
332 1562 534 1612 Frigidum
564 1563 666 1600 enim
694 1565 754 1600 est
780 1566 899 1611 atque
925 1566 1041 1600 tenue
1060 1561 1348 1599 Hellenicorum
1366 1560 1520 1599 dicendi

153 1643 274 1680 genus
301 1643 372 1669 nec
399 1631 541 1669 mirum
568 1629 610 1668 id
636 1629 793 1680 quidem
820 1629 987 1677 videtur,
1014 1642 1106 1668 nam
1120 1628 1335 1679 Xenophon
1355 1641 1401 1667 eo
1420 1631 1517 1668 tem·

152 1712 258 1750 pore,
287 1712 364 1749 quo
392 1699 597 1738 historiam
631 1699 824 1739 Graecam
853 1697 1048 1745 condidit,
1077 1701 1118 1736 et
1143 1698 1184 1736 in
1212 1696 1428 1735 scribendis
1456 1696 1517 1735 vel

152 1767 398 1807 absolvendis
425 1767 536 1806 libris
563 1767 732 1806 maxime
760 1769 971 1816 occupatus
998 1770 1038 1804 et
1064 1777 1181 1804 senex
1205 1764 1281 1802 fuit
1304 1764 1393 1814 plus
1411 1767 1516 1802 octo-

152 1837 261 1886 ginta
293 1848 495 1875 annorum.
508 1835 540 1886 ³)
597 1835 704 1874 Solet
738 1838 870 1873 autem
903 1834 990 1884 ipsa
1023 1837 1201 1872 senectus
1230 1832 1418 1871 sermonis
1446 1832 1519 1869 sic-

152 1905 312 1958 citatem
340 1907 379 1942 et
406 1903 636 1953 languorem
664 1901 816 1941 afferre.
870 1901 971 1940 Nolo
999 1913 1070 1951 ego
1099 1900 1256 1950 quidem
1282 1899 1330 1938 iis
1356 1911 1517 1950 prorsus

151 1972 346 2019 assentiri,
375 1984 474 2020 quae
508 1971 551 2008 F.
581 1972 679 2018 Aug.
709 1969 873 2007 wolfius
900 1969 948 2007 de
976 1968 1188 2007 Hellenicis
1216 1966 1369 2005 scribit:
1419 1966 1517 2013 „Me‚

151 2042 196 2077 ut
236 2051 369 2077 verum
408 2037 538 2076 fatear
551 2068 560 2085 ,
600 2049 837 2086 quamquam
875 2035 997 2085 pudet
1034 2035 1238 2085 pigetque,
1279 2034 1394 2072 huius
1430 2032 1520 2071 libri

151 2106 426 2157 Xenophontei
455 2106 623 2152 siccitas,
651 2117 771 2154 quum
800 2104 919 2142 semel
946 2116 1035 2142 eum
1061 2102 1250 2141 historiae
1270 2113 1389 2140 causa
1407 2100 1521 2140 devo-

150 2186 299 2213 rassem
318 2204 327 2221 ,
362 2185 514 2223 semper
541 2175 681 2223 postea
706 2185 731 2211 a
758 2170 1004 2221 diligentiore
1031 2169 1197 2208 lectione
1224 2168 1470 2207 absterruit.“
1485 2167 1519 2219 ⁴²)

151 2242 310 2282 Etenim
349 2241 391 2282 G.
425 2241 588 2280 Peterus
624 2239 851 2280 doctissime
887 2237 1088 2289 probavit,
1123 2237 1252 2288 prima
1285 2235 1376 2276 libri
1403 2236 1519 2287 primi

278 2377 303 2416 ι)
325 2374 376 2407 Cf.
397 2373 538 2406 Clinton.
560 2372 650 2404 Fast.
674 2369 760 2403 Hell.
782 2381 814 2413 p.
839 2370 906 2403 213.
933 2379 955 2402 s.
980 2379 1010 2411 p.
1035 2368 1106 2402 228.
1127 2366 1178 2400 ed.
1201 2367 1302 2409 Krug.

276 2433 303 2472 2)
325 2432 362 2464 L.
387 2442 414 2464 c.
435 2442 465 2472 p.
490 2430 623 2463 3448.

276 2492 303 2529 ὃ)
324 2489 374 2521 ef.
397 2489 535 2529 Kruger.
559 2487 613 2518 vit.
637 2486 788 2527 Xenoph.
812 2486 844 2518 in
868 2485 945 2517 hist.
967 2484 1047 2525 phil.
1070 2483 1159 2515 stud.
1183 2483 1223 2515 11.
1245 2493 1277 2524 p.
1300 2482 1371 2514 262.

274 2548 302 2587 ⁴)
325 2545 374 2578 cf.
405 2545 511 2586 Epist,
540 2544 581 2577 ad
615 2542 861 2581 Schneiderum‚
885 2541 1128 2574 Schneiderian.
1164 2540 1240 2573 edit.
1263 2539 1392 2572 Hellen.
1419 2538 1520 2580 priori

150 2603 315 2644 praemiss.
339 2613 369 2643 p.
392 2603 462 2634 126.
