1641 2866
770 166 818 203 29

242 287 334 339 Cap.
365 288 428 327 IV.
491 288 652 338 Eorum,
694 302 794 340 quae
825 289 873 328 de
907 289 1075 338 Agesilai
1112 289 1264 327 iustitia
1296 288 1478 327 laudator

118 357 346 405 composuit,
373 356 543 405 plurima
569 356 837 406 Xenophontis
865 369 981 406 saepe
1009 356 1057 394 de
1085 356 1158 394 hac
1185 357 1329 394 virtute
1357 355 1477 393 disse-

118 423 239 461 rentis
272 435 355 461 esse
391 422 594 463 contendo.
650 423 738 462 Alia
772 422 928 473 quidem
955 423 1012 461 ita
1041 425 1133 461 sunt
1159 425 1397 473 comparata,
1432 425 1477 460 ut

116 489 313 528 difficilius
346 491 415 537 sit,
445 503 491 528 ea
517 490 568 529 ad
594 495 702 528 certa
730 491 833 528 illius
860 490 977 528 verba
1004 490 1167 537 referre,
1195 494 1369 528 attamen
1396 489 1475 528 alia

116 569 202 595 cum
230 556 485 608 Xenophonte
522 558 579 596 ita
605 557 821 607 quadrant,
858 557 955 596 nulli
981 562 1025 596 ut
1052 556 1211 595 dubium
1240 569 1323 596 esse
1340 557 1475 608 possit,

117 626 211 674 quin
249 638 296 663 ex
331 627 414 663 eius
440 626 601 675 ingenio·
622 626 897 664 emanaverint.
952 626 1124 663 Primum
1152 626 1341 674 collegere
1368 625 1475 662 iuva·

50 729 62 740 ,μ
114 691 174 730 bit
200 692 317 732 verba
344 692 666 739 Memorabilium,
679 693 709 745 ¹)
737 692 878 743 quibus
911 692 1102 741 Socratis,
1142 693 1312 743 itemque
1346 692 1475 731 locum

116 760 353 810 Anabaseos,
365 762 395 814 ²)
417 761 482 800 ubi
498 761 587 812 Cyri
609 762 761 801 iustitia
778 761 975 802 laudatur.
994 761 1169 800 Alteram
1187 761 1475 811 paragraphum

117 828 303 867 scribenti
333 829 643 867 Memorabilium
675 829 765 867 libri
794 828 953 867 secundi
985 833 1102 878 caput
1141 828 1351 866 secundum
1385 834 1475 865 anto

113 909 249 935 manus
285 897 496 946 oculosque
532 898 701 947 positum
744 897 862 936 fuisse
903 897 1110 935 verisimile
1152 900 1223 936 est.
1286 895 1344 935 Ibi
1373 897 1474 935 enim

115 964 293 1003 Socrates
321 977 496 1003 sermone
523 965 571 1003 de
601 962 809 1017 ἀχαριστία
843 977 930 1002 cum
948 963 1028 1002 filio
1049 965 1229 1002 instituto
1253 965 1340 1014 pari
1358 964 1472 1002 modo

114 1032 290 1083 ingratos
328 1033 587 1072 numerandos
624 1033 713 1073 illos
754 1032 909 1083 quidem
938 1046 1020 1072 esse
1048 1033 1150 1071 int-er
1176 1033 1367 1081 iniustos,
1406 1032 1475 1072 sed

113 1105 244 1139 tamen
284 1100 434 1149 legibus
474 1114 550 1139 non
592 1102 840 1140 condemnari
887 1100 1054 1151 docet.³)
1123 1101 1181 1138 Ad
1218 1100 1472 1138 cumulandas

114 1167 285 1218 Agesilai
313 1168 449 1207 laudes
476 1168 634 1208 additur
661 1170 701 1208 in
729 1169 914 1215 encomio,
945 1170 978 1207 ei
1008 1170 1131 1207 visum
1160 1180 1242 1207 esse
1269 1167 1358 1218 plus
1386 1168 1474 1206 red·

113 1235 203 1274 dere
238 1249 354 1285 quam
392 1237 585 1287 accipere,
628 1238 732 1287 quod
764 1237 866 1275 idem
903 1236 951 1274 de
988 1235 1231 1285 Thrasybulo
1258 1236 1472 1286 Xenophon

111 1302 287 1343 tradidit.
299 1305 331 1356 ⁴)
388 1304 610 1352 Sententia,
648 1318 747 1355 quae
784 1305 958 1354 sequitur
987 1305 1036 1355 (ξ.
1064 1304 1133 1354 4.),
1162 1305 1333 1342 occurrit
1360 1303 1472 1342 nobis

114 1371 247 1410 eadem
289 1373 328 1410 in
370 1372 624 1424 Cyropaedia.
684 1373 784 1419 Quin
815 1373 934 1411 etiam
967 1371 1138 1410 eiusdem
1173 1373 1301 1422 operis
1338 1371 1471 1411 verba:

111 1438 225 1489 ὑμεῖς
251 1437 321 1489 ἐμὲ
349 1437 394 1478 οὐ
422 1438 605 1493 ποιήσετε
631 1443 781 1490 μισθοῦ
798 1436 1000 1494 περιιόντα
1018 1437 1231 1492 εὐεργετεῖν
1239 1440 1271 1491 ⁵)
1293 1440 1473 1479 laudator

108 1508 284 1548 imitatus
312 1510 375 1557 sit,
405 1510 467 1548 vix
493 1509 645 1548 videtur
673 1510 910 1560 ambiguum.

233 1573 330 1611 Tum
361 1574 562 1623 Agesilaus
590 1574 772 1613 deteriori
802 1576 1020 1615 conditione
1041 1577 1099 1614 uti
1116 1577 1297 1615 maluisse
1312 1576 1470 1623 dicitur,

111 1640 145 1677 si
189 1640 304 1679 modo
351 1640 512 1680 honeste
558 1646 715 1692 ageret,
760 1655 877 1693 quam
917 1644 1059 1682 iniuste
1099 1643 1227 1682 facere
1243 1675 1252 1692 ‚
1294 1644 1470 1693 quamvis

109 1720 293 1758 magnum
329 1708 418 1748 inde
452 1709 602 1749 lucrum
630 1710 880 1752 redundaret.
935 1711 1006 1751 Cui
1032 1711 1127 1750 haec
1155 1711 1300 1762 legenti
1328 1723 1404 1751 non
1432 1711 1472 1750 in

107 1779 277 1819 mentem
305 1778 430 1825 venit,
460 1777 565 1827 quod
591 1777 806 1829 Xenophon
834 1780 882 1819 de
909 1780 1083 1819 Proxeno
1113 1780 1285 1830 scripsit:
1317 1777 1472 1831 ἔνδηλον

106 1843 172 1882 καὶ
197 1848 312 1883 τοῦτο
339 1840 451 1894 εἶχεν,
480 1842 538 1883 ὅτι
563 1842 708 1884 τούτων
734 1844 845 1885 οὐδὲν
871 1844 918 1885 ἂν
942 1846 1050 1886 θέλοι
1078 1850 1244 1887 κτᾶσθαι
1263 1846 1363 1896 μετὰ
1388 1844 1471 1885 ἀδι-

105 1912 202 1962 κίας,
230 1910 326 1953 ἀλλὰ
347 1912 416 1952 σὺν
442 1916 498 1964 τῷ
524 1913 659 1964 δικαίῳ
683 1915 746 1954 καὶ
774 1915 878 1965 καλῷ
896 1911 994 1966 ᾤετο
1012 1916 1094 1954 δεῖν
1105 1912 1250 1954 τούτων
1261 1912 1469 1965 τυγχάνειν,

106 1976 198 2018 ἄνευ
224 1980 268 2019 δὲ
292 1978 438 2019 τούτων
463 1978 570 2033 μήθ)
624 1982 731 2028 Quae
759 1983 800 2020 in
827 1981 902 2021 fine
930 1982 1044 2021 huius
1074 1984 1213 2033 capitis
1240 1982 1288 2020 de
1316 1994 1357 2020 se
1385 1983 1468 2032 ipse

106 2048 311 2100 Agesilaus
331 2049 532 2100 gloriatur,
549 2049 683 2089 eadem
703 2050 750 2089 de
766 2050 866 2101 Cyro
880 2051 1027 2090 maiore
1042 2050 1261 2102 Hyrcanius
1275 2050 1423 2090 laudat.
1437 2050 1468 2102 ⁷)

106 2117 285 2156 Ceterum
314 2118 535 2157 conferatur
562 2119 773 2168 Hagenius.
787 2119 818 2168 ⁸)

233 2254 255 2295 1)
276 2254 411 2288 Memor.
433 2255 487 2288 tv.
508 2254 538 2287 8.
561 2255 610 2288 11.

228 2312 255 2349 2)
278 2311 385 2344 Anah.
406 2312 430 2343 1.
456 2311 485 2345 9.
512 2313 560 2344 19.

228 2368 254 2408 5)
275 2368 412 2403 Memor.
434 2369 477 2403 11.
497 2368 526 2401 2.
551 2372 578 2403 1.
601 2373 634 2403 et
655 2371 705 2404 13.

228 2426 255 2467 4)
275 2425 359 2459 Hell.
382 2426 440 2459 III.
461 2428 490 2458 5.
515 2427 563 2459 16.

228 2483 254 2524 ⁵)
276 2482 394 2525 Cyrop.
416 2484 441 2517 Ι.
464 2484 492 2516 6.
516 2484 566 2517 11.
588 2487 621 2516 et
642 2484 700 2517 111.
721 2485 751 2518 3.
773 2485 803 2518 3.

227 2542 254 2582 ⁶)
276 2541 326 2574 Cf.
349 2541 454 2574 Anah.
475 2541 516 2574 11.
538 2542 568 2573 6.
594 2541 640 2574 18.

227 2599 253 2640 ⁷)
276 2598 390 2641 Cyrop.
413 2598 453 2632 V.
477 2600 504 2631 1.
527 2598 568 2631 28
603 2616 641 2623 -
666 2600 693 2638 ⁸)
716 2599 754 2633 L.
775 2608 803 2633 c.
823 2608 900 2641 pag.
920 2599 971 2633 49.
