1641 2866
752 147 803 184 44

94 267 197 306 enim
224 270 315 306 sunt
341 267 424 306 eius
451 266 585 306 verba:
617 269 699 306 Τοῦ
726 267 769 307 δὲ
786 263 1017 320 Ἀγησιλάου
1032 265 1101 320 τήν
1115 265 1316 317 βασιλείαν
1327 266 1463 307 νεωστὶ

93 330 382 387 παρειληφότος
408 331 645 388 ἀπήγγειλάν
682 349 783 382 τινες
809 333 853 384 ἐξ
877 333 1012 383 Ἀσίας
1039 331 1203 388 ἥκοντες,
1232 332 1285 382 ὥς
1311 333 1333 374 ὁ
1360 337 1462 389 Περ-

93 405 171 442 σιῦν
201 401 386 453 βασιλεῦς
424 400 759 456 παρασκευάζοιτο
794 400 952 455 μεγάλῳ
978 401 1103 455 στόλῳ
1127 403 1463 453 Λακεδαιμονίους

93 470 276 520 ἐμβαλεῖν
300 473 370 523 τῆς
395 467 608 523 θαλάσσης.
622 472 652 523 ¹)
707 471 830 518 Quam
866 470 915 510 ob
942 483 1024 510 rem
1051 483 1130 510 non
1155 471 1232 510 iam
1262 484 1359 521 opus
1387 473 1462 511 erit

93 551 299 590 quaerere,
326 552 419 578 num
446 538 564 579 rebus
587 542 724 590 postea
751 539 872 590 gestis
900 538 1083 579 laudator
1109 538 1322 587 refutetur,
1349 553 1462 590 prae-

92 606 226 646 sertim
255 619 375 657 quum
388 606 436 645 de
458 607 532 645 hac
546 620 588 646 re
604 608 813 657 quiequam
837 607 946 656 certi,
975 606 1081 658 quod
1099 607 1277 657 equidem
1298 607 1461 656 videam,

91 673 258 725 proferri
301 676 364 714 vix
395 676 533 726 possit.
567 698 607 704 -
639 675 816 725 Denique
850 677 883 726 g.
918 676 979 715 36.
1017 674 1200 715 laudator
1238 676 1461 726 Agesilaum

91 755 327 793 magnopere
353 742 502 790 laudat,
533 742 638 792 quod
673 746 754 782 tam
782 755 907 793 aequo
934 743 1064 782 animo
1090 742 1247 794 ephoris
1273 744 1460 793 paruerit.

91 810 137 849 In
165 810 375 850 Hellenicis
392 811 422 862 ²)
453 815 589 851 contra
617 811 833 861 Xenophon
864 811 1074 851 admodum
1100 811 1274 851 modeste
1288 811 1461 861 loquitur

91 890 218 928 neque
246 878 470 928 Agesilaum
510 878 679 917 libenter
706 878 924 928 accepisse,
959 877 1029 918 sed
1056 890 1172 928 aegre
1200 878 1338 917 tulisse
1365 891 1461 917 nun-

91 945 190 984 tium
216 946 364 998 apertis
392 945 520 984 verbis
546 945 678 985 refert.

217 1013 389 1053 Transeo
430 1013 481 1052 ad
518 1017 637 1064 caput
676 1012 728 1053 II.
785 1013 831 1052 In
863 1014 896 1065 §-
932 1016 967 1052 9.
1002 1013 1191 1064 legimus,
1232 1014 1463 1065 scriptorem

92 1082 220 1132 ipsum
248 1081 389 1121 vidisse
415 1080 487 1126 τὰς
513 1078 716 1133 φάλαγγας
741 1077 913 1133 ἀλλήλων
929 1077 1038 1131 μάλα
1050 1078 1274 1131 ι’σομάχους,
1303 1082 1461 1132 quibus-

91 1162 178 1187 cum
218 1161 394 1199 pugnare
434 1152 546 1200 patet
586 1162 650 1197 ea,
692 1161 792 1200 quae
833 1149 982 1189 tradita
1023 1152 1119 1189 sunt
1153 1150 1193 1188 in
1229 1150 1459 1189 Hellenicis:

90 1215 304 1255 πελτασταί
340 1230 383 1267 γε
419 1216 495 1268 μὴν
526 1216 627 1255 πολι)
660 1216 818 1262 πλέονες
845 1216 883 1256 οἱ
909 1214 991 1267 μετ’
1016 1213 1301 1269 Ἀγησιλάου.3)
1356 1217 1458 1256 Num

92 1284 231 1333 credis,
260 1297 360 1333 eum,
390 1285 457 1335 qui
485 1286 568 1337 ipse
597 1286 711 1325 testis
729 1298 883 1336 pugnae
903 1284 1138 1334 interfuerit,
1167 1289 1247 1325 tam
1263 1286 1460 1325 contraria

92 1353 139 1393 de
168 1366 329 1392 numero
357 1353 522 1392 militum
551 1354 781 1393 rettulisse?
808 1354 1028 1404 Peregrinis
1054 1354 1103 1394 ab
1130 1353 1346 1405 Herippida
1371 1367 1460 1393 con-

93 1421 223 1461 ductis
250 1422 426 1461 adiuncti
454 1427 493 1461 et
520 1423 603 1461 eius
630 1423 793 1473 imperio
823 1421 989 1462 subiecti
1016 1421 1198 1461 dicuntur
1226 1423 1277 1474 (ξ.
1293 1424 1369 1473 11.)
1385 1436 1460 1462 non

93 1489 209 1529 modo
245 1490 404 1540 quidam
441 1503 593 1539 eorum,
633 1491 701 1540 qui
742 1503 830 1529 cum
858 1490 959 1540 Cyro
986 1490 1135 1529 minore
1162 1495 1280 1529 antea
1305 1490 1462 1529 fuerant

92 1561 429 1608 reverterantque,
466 1558 534 1597 sed
561 1559 674 1597 Iones
703 1570 856 1608 quoque
884 1561 924 1597 et
952 1558 1090 1597 Aeoles
1117 1561 1156 1597 et
1184 1558 1456 1608 Hellespontii,

91 1627 155 1675 qui
187 1630 266 1664 tres
294 1626 429 1676 populi
457 1626 712 1676 Xenophonte
740 1629 900 1665 auctore
909 1624 943 1677 ⁴)
971 1638 1206 1676 quamquam
1235 1626 1349 1664 simul
1373 1638 1460 1664 cum

92 1693 332 1744 Herippidae
374 1694 497 1743 copiis
536 1694 727 1744 proelium
769 1693 1087 1742 committebant,
1125 1697 1257 1732 tumen
1297 1694 1336 1732 in
1379 1694 1460 1732 eius

93 1764 291 1812 potestate
319 1774 395 1801 non
426 1765 549 1800 erant.

218 1829 366 1868 Deinde
394 1830 445 1868 ad
473 1830 689 1880 augendam
724 1830 895 1880 Agesilai
923 1830 1087 1880 gloriam
1113 1817 1301 1869 laudator
1323 1842 1459 1868 rursus

90 1898 180 1935 huic
208 1898 280 1935 soli
309 1898 483 1947 assignat
512 1898 673 1949 (§.17.)‚
702 1898 809 1948 quod
836 1910 965 1936 rerum
993 1900 1175 1937 narrator
1194 1896 1373 1936 omnibus
1392 1897 1460 1936 tri-

90 1966 175 2006 buit
189 1965 520 2014 Lacedaemoniis,
549 1962 646 2016 q'uos
665 1967 772 2017 ipsos
792 1966 1023 2016 Argivorum
1043 1964 1271 2005 felicitatem
1287 1964 1458 2003 animad-

90 2035 254 2074 vertisse
292 2035 513 2084 bellumque
556 2038 693 2073 contra
726 2034 814 2073 illos
852 2034 1066 2084 suscepisse
1100 2033 1289 2083 narrat.·¹')
1352 2032 1460 2071 Idem

94 2102 298 2143 dicendum
334 2106 394 2143 est
430 2103 477 2143 de
510 2104 544 2155 ἓ.
575 2106 652 2151 18.,
681 2116 780 2154 quae
817 2101 970 2153 quidem
1007 2101 1175 2141 formata
1203 2106 1264 2141 est
1290 2101 1342 2140 ad
1368 2101 1461 2141 Hel-

92 2171 204 2210 lenic.
239 2171 305 2210 lV.
340 2175 375 2209 5.
412 2173 446 2219 1,
472 2171 539 2209 sed
567 2172 638 2216 ita,
681 2175 725 2209 ut
766 2171 813 2209 de
856 2184 931 2210 uno
970 2170 1149 2220 Agesilao
1185 2173 1460 2217 memorentur,

220 2304 243 2344 ¹)
266 2302 314 2335 cf.
336 2303 421 2335 Plut.
444 2304 542 2343 Ages.
567 2302 619 2333 VI.

215 2361 242 2401 ·-’)
266 2360 314 2392 Cf.
337 2359 392 2392 IV.
414 2359 443 2393 2.
465 2360 492 2391 3

217 2420 243 2458 ²⁵)
267 2417 316 2450 cf.
338 2418 393 2450 IV.
417 2419 444 2449 3.
468 2419 517 2451 15.
561 2419 643 2451 Vide
666 2423 768 2460 praet.
791 2419 897 2451 Rank.
921 2430 952 2460 p.
974 2418 1023 2450 20.

216 2476 241 2516 ⁴)
264 2475 312 2508 Cf.
348 2475 432 2508 Hell.
467 2476 521 2508 IV.
559 2476 588 2508 4.
625 2476 675 2509 19.
720 2475 769 2509 Cf.
806 2479 908 2518 praet.
945 2476 1137 2518 Hertzberg.
1171 2474 1283 2509 Leben
1312 2475 1342 2509 d.
1376 2476 1461 2509 Kon.

89 2533 187 2575 Ages.
210 2533 250 2566 11.
274 2544 306 2575 p.
328 2533 400 2567 278.

217 2594 243 2631 5)
266 2591 309 2624 Cf
337 2591 423 2624 Hell.
446 2592 500 2623 IV.
523 2593 545 2623 4
581 2593 627 2624 19,
