1641 2866
817 172 864 206 27

159 297 474 342 transscripsisse
491 324 500 341 ‚
543 296 631 332 aliis
672 306 783 331 usum
810 306 893 330 esse
919 294 997 338 ita,
1038 296 1082 328 ut
1108 292 1261 329 brevior
1288 290 1517 335 uberiorem,

158 357 359 390 obscurior
384 356 637 389 illustriorem
664 358 823 389 secutus
851 365 935 387 esse
962 354 1150 387 videatur.
1190 353 1267 386 Suo
1294 353 1415 395 igitur
1432 353 1517 384 iure

159 432 457 470 Valckenarius:
504 431 617 475 „Qui‚
655 430 803 476 inquit,
837 428 963 467 fertur
989 444 1073 466 esse
1099 424 1332 474 Xenophon,
1360 420 1517 473 quando

156 492 303 528 recedit
328 505 353 529 a
379 491 669 538 Xenophonteis
696 502 745 526 ex
768 491 933 527 historia
955 489 1107 525 Graeca
1129 488 1180 524 ad
1198 488 1355 523 verbum
1374 487 1517 523 descri-

157 556 308 608 bendis,
335 556 499 611 frigidus
520 555 691 610 Agesilai
709 555 891 597 laudator
910 557 951 596 et
969 553 1176 608 sophista.“
1193 554 1220 607 ¹)
1264 552 1371 593 Idem
1381 550 1475 593 alibi
1484 551 1515 607 ²)

155 626 252 664 haec
277 625 416 664 habet:
450 626 524 673 „Et
551 625 807 672 crederemus,
834 624 1141 673 Xenophontem,
1170 622 1237 675 qui
1256 622 1410 659 easdem
1431 633 1515 658 sen-

154 693 298 730 tentias
337 692 513 741 plurimis
549 692 645 730 locis
684 691 822 738 habet,
860 704 931 729 sua
963 691 1085 738 ipsius
1101 718 1110 735 ,
1152 701 1251 737 quae
1286 688 1449 726 dederat
1474 688 1514 724 in

153 756 319 801 historia
342 756 505 804 Graeca,
533 760 696 796 centena
723 757 905 796 continuo
932 756 973 794 in
1001 755 1170 804 Agesilai
1195 754 1369 792 encomio
1388 756 1513 791 trans-

154 822 356 872 scripsisse
365 822 405 860 ?“

276 888 456 928 Profecto
489 889 564 928 hoc
596 902 621 928 a
653 888 909 939 Xenophonte
938 888 1085 928 sactum
1119 900 1203 928 esse
1229 899 1342 927 nemo
1370 885 1514 933 credet,

152 956 228 994 nisi
256 957 323 1004 qui
351 956 398 993 de
426 968 471 994 eo
497 956 741 1004 iniquissime
769 957 925 1004 cogitet.

277 1021 361 1060 Iam
394 1022 505 1061 venio
542 1021 594 1061 ad
633 1021 799 1062 alteram
826 1022 990 1061 encomii
1017 1024 1190 1072 partem,
1237 1033 1315 1071 qua
1343 1019 1514 1070 Agesilai

151 1103 301 1131 morum
329 1091 594 1142 virtutumque
620 1090 757 1131 laudes
784 1091 1043 1132 continentur.
1090 1092 1307 1141 Antequam
1335 1102 1426 1130 vero
1455 1102 1513 1135 ea,

151 1171 254 1208 quae
280 1162 442 1204 restant,
472 1159 602 1207 capita
619 1161 842 1197 accuratius
868 1160 1140 1206 examinemus,
1170 1160 1201 1196 si
1228 1158 1330 1196 forte
1357 1157 1512 1207 quibus-

150 1225 239 1265 dam
266 1226 370 1265 iusto
398 1226 523 1276 magis
551 1226 734 1276 propensi
761 1225 971 1275 videamur,
1000 1230 1044 1264 ut
1071 1225 1213 1276 ubique
1242 1224 1512 1276 Xenophontis

149 1295 314 1345 vestigia
340 1295 594 1345 inquiramus,
621 1294 719 1333 illud
739 1294 973 1334 monendum
1001 1308 1083 1333 esse
1112 1307 1262 1342 censeo,
1288 1297 1334 1333 ut
1361 1306 1513 1343 semper

150 1374 281 1401 secum
318 1366 518 1413 reputent,
559 1375 676 1412 quam
712 1362 837 1401 multa
874 1363 1167 1413 compilatorem
1193 1362 1298 1401 illius
1326 1374 1374 1400 ex
1399 1360 1512 1399 libris

150 1416 359 1481 sumpsisse
399 1429 510 1469 nobis
544 1430 660 1470 modo
695 1431 1012 1481 persuaserimus.
1081 1431 1155 1470 Sed
1200 1443 1318 1481 quum
1356 1430 1404 1470 de
1438 1429 1512 1469 hac

146 1503 259 1550 parte
286 1512 363 1539 non
390 1511 512 1549 aeque
540 1502 644 1538 certe
672 1512 718 1538 ac
745 1498 793 1538 de
820 1500 950 1549 priore
977 1500 1099 1539 statui
1125 1500 1265 1548 liceat,
1293 1511 1406 1538 suum
1433 1499 1511 1538 cui-

148 1580 224 1619 que
252 1567 300 1607 de
327 1568 388 1607 his
414 1567 530 1607 rebus
557 1567 740 1607 iudicium
769 1567 936 1608 libenter
963 1569 1214 1608 committam.
1251 1567 1419 1608 Proinde
1434 1581 1511 1619 quo

150 1637 306 1677 facilius
343 1637 437 1688 quid
469 1636 717 1677 iudicandum
750 1638 817 1684 sit,
854 1638 1078 1688 intellegere
1105 1638 1318 1689 possimus,
1358 1638 1510 1689 singula

146 1718 420 1757 proponamus.
1367 1751 1374 1753 ,

272 1774 366 1826 Cap.
394 1775 464 1814 III.
518 1775 720 1815 Laudator
759 1777 987 1826 priusquam
1022 1776 1070 1816 de
1104 1777 1266 1827 singulis
1299 1775 1509 1816 virtutibus

146 1843 331 1894 loquitur,
360 1843 529 1894 Agesilai
556 1844 745 1883 rationem
772 1844 925 1883 vivendi
951 1846 1009 1884 ita
1034 1845 1075 1884 in
1103 1846 1326 1885 universum
1353 1844 1506 1896 praedi-

146 1915 227 1959 cat,
260 1915 305 1950 ut
330 1911 543 1962 Xenophon
570 1912 798 1952 laudaverat
829 1913 1057 1964 Sphodriam
1084 1914 1340 1953 harmostam:
1378 1910 1509 1952 πάντα

144 1978 193 2018 τὰ
231 1977 329 2018 καλὰ
362 1981 486 2018 ποιῶν
523 1978 714 2019 διετέλεσε
745 1984 786 2020 et
819 1981 1085 2032 Cleonymum,
1122 1982 1246 2021 filium
1284 1982 1387 2021 eius:
1433 1980 1509 2029 ζῶν

144 2042 279 2085 ἅπαντ
317 2046 464 2096 ἐποίει,
504 2044 578 2086 ὅσα
612 2046 711 2088 καλὰ
742 2046 783 2087 ἐν
813 2051 861 2101 τῇ
895 2046 1065 2102 Σπάρτῃ.
1081 2050 1111 2102 ³)
1172 2052 1200 2089 A
1208 2054 1299 2100 tque
1340 2050 1507 2090 fortasse

143 2116 370 2154 memoriam
396 2116 566 2156 habebat
595 2117 797 2156 verborum
816 2118 998 2165 Socratis,
1028 2118 1168 2167 quibus
1194 2119 1260 2157 ille
1274 2119 1373 2157 illud
1393 2118 1508 2156 καλὸν

143 2177 325 2231 κάγαθόν
342 2183 528 2233 explicat:
547 2181 689 2237 ἄνδρας
705 2183 770 2223 καὶ
789 2183 887 2223 καλὰ
904 2181 1144 2237 πράττοντας
1161 2185 1226 2224 καὶ
1243 2187 1320 2223 τῶν
1337 2183 1508 2238 αἰσχρῶν

144 2245 417 2299 ἀπεχομένους.
432 2251 465 2303 ⁴)

268 2316 341 2357 His
367 2319 590 2369 praemissis
616 2321 694 2359 iam
719 2320 763 2359 id
790 2320 960 2371 scriptor
987 2321 1080 2371 agit,
1109 2324 1154 2360 ut
1179 2333 1294 2371 quam
1323 2320 1502 2371 religiose

145 2385 348 2435 Agesilaus
374 2386 643 2427 iusiurandum
672 2392 711 2427 et
736 2393 894 2439 pactum
921 2390 1145 2437 servaverit,
1173 2389 1298 2428 tribus
1318 2389 1503 2438 exemplis

270 2490 295 2530 ¹)
318 2489 367 2524 Cf.
391 2490 543 2523 Adnotat.
564 2491 606 2523 ad
627 2491 747 2526 Herod.
771 2492 828 2526 111.
853 2492 921 2526 134.

266 2549 293 2587 ²)
315 2548 468 2580 Adnotat.
492 2548 534 2580 ad
554 2549 720 2581 Memorab
753 2551 810 2582 ΙΙΙ.
831 2550 861 2583 3.
884 2550 913 2584 9,

275 2605 302 2644 ³)
325 2603 374 2638 Cf.
394 2604 522 2638 Hellen.
545 2605 583 2638 V.
604 2606 633 2638 4.
657 2606 707 2637 32.
729 2611 760 2638 et
783 2607 832 2641 33.
859 2626 881 2630 —·
908 2610 934 2649 4)
958 2608 1004 2640 Cf.
1027 2609 1160 2641 Memor.
1184 2610 1224 2642 11.
1247 2610 1275 2641 6.
1302 2608 1349 2641 17.
