1641 2866
656 625 904 674 Particula
941 625 1008 674 II.

251 756 306 795 De
333 755 607 807 similitudine,
635 767 732 808 quae
759 756 867 797 inter
892 756 1163 809 Xenophontis
1191 757 1339 809 scripta
1365 760 1405 799 et

597 823 829 876 Agesilaum
855 823 1079 865 intercedit.

273 937 410 975 Totius
445 937 609 975 encomii
644 936 743 975 duae
772 941 865 975 sunt
891 941 1042 987 partes,
1072 950 1238 987 quarum
1265 938 1373 988 prior
1399 943 1542 990 caput‘

146 1006 315 1056 primum
353 1008 392 1043 et
428 1004 595 1043 alterum
624 1004 884 1055 complectens
916 1017 979 1044 res
1006 1004 1056 1044 ab
1085 1006 1286 1055 Agesilao,
1322 1006 1518 1046 Lacedae-

145 1074 362 1112 moniorum
380 1085 487 1122 vrege
515 1072 680 1110 feliciter
708 1076 837 1122 gestas
864 1072 1079 1122 praedicat,
1107 1074 1301 1123 posterior
1331 1086 1356 1112 a
1388 1075 1516 1124 capite

146 1142 265 1180 tertio
307 1153 430 1190 usque
465 1140 517 1179 ad
543 1140 658 1179 finem
686 1140 809 1179 libelli
837 1140 1008 1179 eiusdem
1035 1141 1138 1191 regis
1164 1142 1354 1180 virtutum
1382 1142 1516 1181 laudes

148 1208 453 1258 comprehendit.
489 1208 615 1254 Quam
642 1208 692 1246 ob
709 1221 805 1255 rem,
835 1221 912 1257 quo
940 1208 1078 1246 melius
1095 1209 1389 1258 perspiciamus,
1418 1222 1516 1258 quae

146 1276 361 1315 similitudo
399 1277 503 1314 inter
538 1275 807 1325 Xenophontis
843 1277 992 1326 scripta
1024 1279 1064 1314 et
1095 1276 1363 1314 laudationem
1398 1277 1518 1314 inter-

148 1344 274 1391 cedat,
303 1344 572 1393 quaestionem
599 1343 657 1381 ita
684 1343 814 1393 placet
833 1344 1053 1391 instituere,
1081 1346 1126 1381 ut
1139 1344 1308 1393 primum
1328 1356 1385 1391 ea,
1414 1356 1514 1393 quae

146 1410 298 1450 duobus
316 1410 515 1460 prioribus
534 1410 728 1461 capitibus
744 1414 1002 1461 exponuntur,
1022 1414 1205 1449 accurate
1222 1411 1514 1461 perlustremus.

147 1479 241 1528 Cap.
270 1478 301 1518 I.
327 1478 559 1528 Priusquam
586 1491 650 1517 res
676 1478 726 1517 ab
755 1479 936 1528 Agesilao
964 1481 1098 1528 gestae
1119 1482 1364 1526 enarrantur,
1390 1491 1517 1528 pauca

145 1546 193 1584 de
230 1545 353 1584 nobili
380 1558 521 1595 genere
549 1546 632 1584 eius
660 1549 700 1584 et
727 1545 775 1584 de
803 1547 957 1595 patriae
984 1546 1230 1596 praestantia
1257 1546 1516 1595 praemittun-

143 1616 209 1651 tur
245 1617 284 1652 et
318 1614 376 1651 ita
405 1613 563 1662 quidem
589 1614 630 1651 in
658 1613 718 1651 his
748 1613 865 1652 rebus
892 1613 1100 1652 laudandis
1128 1614 1297 1663 scriptor
1326 1617 1514 1658 versatur,

143 1684 188 1718 ut
229 1680 499 1730 Xenophontis
546 1681 785 1719 imitatorem
833 1693 1102 1730 agnoscamus.
1174 1681 1302 1730 Atque
1347 1680 1514 1730 primum

145 1748 317 1797 Agesilai
332 1761 454 1797 genus
475 1748 524 1799 (ἓ.
547 1747 600 1799 2.)
621 1748 756 1787 eodem
775 1748 856 1788 fere
874 1748 990 1787 modo
1009 1748 1205 1796 laudatur,
1223 1761 1301 1798 quo
1317 1748 1512 1798 Cyaxares

143 1827 185 1854 se
212 1816 295 1866 ipse
322 1815 527 1866 praedicat
555 1817 596 1855 in
625 1815 867 1866 Cyropaedia
891 1816 937 1855 V.
965 1816 1002 1855 5.
1023 1818 1068 1855 8:
1093 1811 1166 1864 ὅτι,
1194 1810 1227 1854 ὦ
1246 1817 1366 1869 Κῦρε,
1396 1815 1516 1854 δοκῶν

141 1897 185 1933 γε
203 1883 250 1936 δὴ
267 1880 421 1936 ἐφ’ὅσον
431 1880 648 1936 ἀνθρώπων
662 1881 794 1936 μνήμη
808 1882 1019 1936 ἐφικνεῖται
1027 1883 1174 1923 καὶτῶν
1182 1880 1308 1922 πάλαι
1317 1880 1516 1937 προγόνων

141 1951 207 1990 καὶ
219 1952 373 2005 πατρὸς
385 1951 576 2001 βασιλέως
586 1951 801 2004 πεφυκέναι
815 1964 994 2002 —neque
1007 1951 1234 1991 incredibile
1246 1955 1318 1999 est,
1334 1951 1516 2001 scriptori

141 2021 182 2059 in
197 2024 366 2059 mentem
379 2020 530 2059 venisse
546 2020 679 2058 Croesi
699 2032 853 2069 quoque
880 2019 1097 2068 verborum,
1124 2019 1265 2070 quibus
1291 2020 1382 2070 Cyri
1400 2020 1516 2069 origi·

141 2101 229 2126 nem
249 2088 315 2126 ille
338 2087 513 2127 extollit:
539 2090 694 2140 πρῶτον
717 2086 789 2136 μὲν
809 2086 851 2126 ἐκ
877 2090 982 2126 θεῶν
1005 2084 1197 2137 γεγονότι,
1221 2085 1358 2126 ἔπειτα
1384 2086 1425 2125 δὲ
1450 2086 1517 2125 διὰ

140 2154 331 2204 βασιλέων
359 2151 564 2208 πεφυκότι.
611 2154 768 2205 (Cyrop.
797 2154 882 2194 VII.
912 2155 948 2195 2.
977 2155 1057 2207 24.)

267 2224 416 2263 Deinde
457 2223 657 2270 laudator,
700 2227 745 2261 ut
789 2224 1188 2263 Lacedaemoniorum
1221 2224 1357 2263 urbem
1396 2228 1515 2274 atque

141 2291 381 2342 reipublicae
413 2291 605 2329 rationem
635 2290 832 2329 celebrare
859 2295 1011 2341 posset,
1041 2303 1182 2329 novum
1209 2291 1415 2341 inquisivit
1432 2290 1515 2330 fon-

141 2363 220 2398 tem
259 2372 331 2398 nec
366 2358 526 2397 difficile
553 2362 639 2397 erat
654 2389 663 2406 ,
705 2358 810 2408 apud
838 2359 1131 2408 Xenophontem
1146 2388 1156 2405 ,
1195 2359 1264 2408 qui
1291 2372 1380 2398 cum
1406 2358 1512 2406 alibi,
1560 2364 1563 2369 ’

140 2431 224 2465 tum
251 2427 292 2465 in
320 2426 509 2476 singulari
536 2425 637 2464 libro
666 2425 714 2465 de
741 2425 942 2476 republica
970 2426 1164 2465 Laconica
1192 2426 1409 2477 composito
1429 2426 1515 2476 plu-

140 2495 242 2533 rima
269 2493 317 2532 de
345 2493 405 2532 his
434 2483 550 2532 rebus
579 2497 844 2544 congesserat,
873 2506 1043 2533 summas
1072 2493 1208 2533 laudes
1235 2494 1419 2534 invenire.
1452 2493 1511 2532 Ex

141 2562 213 2602 hoc
252 2562 372 2612 igitur
406 2561 544 2601 ultimo
578 2561 697 2609 libro,
735 2565 778 2601 ut
812 2565 966 2602 taceam
995 2562 1043 2602 de
1071 2561 1259 2602 vocabulo
1287 2558 1511 2615 πρωτεύειν,
