1641 2866
768 147 818 186 42

104 272 305 311 excusatio
331 273 478 311 nullius
506 276 565 311 est
591 274 788 320 momenti,
817 286 935 322 quum
963 274 1016 319 id,
1045 273 1149 323 quod
1168 286 1304 312 revera
1330 277 1392 313 est
1417 274 1473 311 in-

105 340 272 389 iustum,
309 341 486 391 quamvis
513 340 608 380 utile
635 340 836 390 videatur,
875 353 1027 392 semper
1054 344 1095 380 et
1120 340 1171 381 ab
1199 340 1376 381 omnibus
1403 341 1473 380 im-

104 407 348 458 probandum
377 410 430 448 sit
457 413 497 449 et
522 409 787 449 reiiciendum.
844 410 957 457 Audi,
985 409 1081 459 quid
1107 409 1191 460 ipse
1215 409 1429 460 Xenophon
1442 409 1472 461 ¹)

105 475 153 514 de
180 476 254 515 hac
280 489 323 516 re
351 476 509 516 iudicat.
563 473 875 526 Λακεδαιμόνιοί
901 490 944 516 τε
970 476 1042 531 γὰρ
1063 475 1101 516 οἱ
1130 473 1343 527 ὀμόσαντες
1363 474 1473 516 αὖτο-

104 540 248 592 νόμους
275 542 406 583 ἐάσειν
431 545 503 590 τοὶς
530 541 668 590 πόλεις
694 547 762 596 τήν
789 543 829 584 ἐν
856 543 1004 597 Θήβαις
1030 542 1241 596 ἀκρόπολιν
1266 542 1474 595 κατασχόν-

104 625 168 656 τες
202 608 266 650 ὑπ’
301 608 427 651 αὐτῶν
450 609 568 662 μόνον
600 615 677 651 τῶν
712 609 967 665 ἀδικηθέντων
1001 609 1283 666 ἐκολάσθησαν,
1321 616 1475 667 πρῶτον

106 676 187 719 οὐδ’
217 677 279 734 ὑφ’
299 679 385 727 ἑνὸς
402 684 478 720 τῶν
495 678 656 720 πώποτε
676 678 896 735 ἀνθρώπιον
912 682 1176 735 κρατηθέντες.
1215 682 1315 729 Quid
1333 682 1473 733 plura?

106 749 206 787 Nam
234 762 311 787 non
340 751 457 788 semel
486 750 882 789 Lacedaemoniorum
909 763 1040 800 regem
1071 750 1213 788 iniuste
1241 750 1380 789 fecisse
1406 763 1474 800 ap·

105 820 229 867 paret.
285 817 405 856 Recte
433 817 554 867 igitur
582 816 882 867 Valckenarius,
918 818 984 868 qui
1011 817 1228 857 laudatoris
1255 818 1353 857 illud
1384 814 1472 856 ἀνα-

105 883 301 938 μάρτητος
336 898 553 936 repugnare
590 886 685 925 dicit
722 900 854 926 rerum
892 887 1073 937 scriptori
1107 887 1277 936 Agesilai
1311 890 1473 936 peccata

107 955 437 994 commemoranti.
492 953 599 993 Idem
629 954 880 994 statuendum
919 967 1003 994 esse
1030 966 1167 994 censeo
1195 954 1243 993 de
1270 953 1330 993 his
1357 953 1471 993 locis:

106 1035 190 1073 cap.
219 1023 249 1061 Ι.
280 1025 318 1061 1:
347 1021 486 1068 τελέως
513 1019 607 1074 ἀνὴρ
635 1020 787 1072 ἀγαθὸς
814 1021 963 1072 ἐγένετο
990 1026 1029 1061 et
1051 1035 1134 1072 cap.
1159 1022 1227 1060 Ill.
1253 1026 1290 1060 l:
1321 1019 1474 1060 πάντων

104 1092 180 1128 τῶν
218 1089 342 1128 καλῶν
376 1085 451 1143 ἦρα
489 1089 554 1129 καὶ
589 1086 717 1129 πάντα
755 1089 805 1129 τὰ
837 1089 980 1144 αἰσχρὰ
1014 1081 1225 1139 ἐξεδίωκεν.
1282 1090 1395 1130 Certe
1433 1092 1473 1129 in

107 1159 319 1198 Hellenicis
345 1159 444 1198 talia
470 1173 662 1210 nusquam
689 1161 872 1199 invenies.

232 1227 343 1274 Quod
379 1229 411 1267 si
449 1228 507 1266 ita
545 1232 792 1275 est,.nonne
827 1228 917 1267 inde
952 1232 1057 1267 recte
1091 1229 1360 1278 concluditur,
1395 1242 1472 1268 non

106 1308 218 1346 posse
246 1295 511 1335 laudationem
540 1310 564 1335 a
587 1296 841 1346 Xenophonte
870 1297 1060 1346 scriptam
1087 1298 1195 1336 esse?
1222 1297 1347 1336 Probe
1367 1298 1472 1347 equi-

107 1364 194 1402 dem
223 1365 323 1410 scio,
370 1365 539 1413 Agesilai
568 1364 798 1413 scriptorem
826 1377 903 1403 non
930 1364 1127 1412 historici,
1156 1365 1226 1403 sed
1256 1364 1471 1403 laudatoris

107 1444 221 1481 agere
254 1435 386 1481 partes
413 1455 465 1461 —
492 1431 531 1470 id
568 1431 671 1481 quod
707 1432 790 1481 ipse
823 1431 1011 1470 indicavit
1044 1445 1128 1482 cap.
1163 1431 1209 1471 X.
1240 1435 1262 1470 3
1291 1456 1339 1461 —
1371 1432 1471 1471 unde

106 1500 192 1538 fieri
233 1500 348 1547 solet,
389 1504 433 1538 ut
472 1499 666 1549 quaedam
705 1500 920 1539 sententiae
954 1500 1146 1539 rhetorice
1174 1503 1471 1550 exaggerentur.

109 1568 209 1606 Nam
239 1571 414 1606 oratores
450 1580 601 1613 omnes,
629 1568 820 1618 imprimis
848 1567 1072 1606 laudatores
1101 1572 1254 1607 constat
1278 1568 1473 1606 interdum

110 1637 250 1675 nimios
285 1649 368 1674 esse
400 1637 622 1685 iustumque
660 1635 816 1674 modum
845 1637 1025 1675 transire.
1081 1636 1214 1685 Neque
1244 1649 1326 1685 ego,
1357 1649 1474 1685 quum

108 1705 278 1744 oratorie
306 1704 438 1753 aliqua
466 1716 529 1742 res
549 1707 723 1752 urgetur,
753 1708 833 1742 tam
852 1704 1007 1754 iniquus
1027 1717 1109 1743 esse
1127 1703 1253 1750 velim,
1283 1708 1326 1741 ut
1345 1704 1475 1742 omnia

109 1772 158 1811 ad
187 1773 315 1810 vivum
343 1784 532 1817 resecem,
571 1771 638 1810 sed
668 1772 881 1811 coridonem
909 1772 1175 1821 Xenophonti,
1213 1772 1317 1821 quod
1346 1772 1479 1820 Agesi-

108 1840 226 1887 laum,
250 1851 364 1888 quem
393 1840 521 1877 vivum
551 1839 736 1888 singulari
768 1839 937 1889 quadam
967 1840 1132 1878 caritate
1151 1839 1352 1889 amplexus
1378 1842 1476 1885 erat,

108 1911 303 1945 mortuum
345 1919 578 1956 magnopere
615 1906 800 1956 lugebat,
853 1910 1102 1957 peccatorum
1140 1907 1223 1945 eius
1263 1907 1478 1957 immemor,

110 1975 248 2013 eximie
277 1975 343 2013 sed
372 1988 448 2013 non
478 1975 622 2013 violata
651 1975 816 2013 veritate
844 1974 1075 2013 laudaverit.
1122 1974 1305 2013 Attamen
1334 1974 1411 2012 alia
1439 1975 1477 2012 in

111 2043 285 2081 encomio
313 2042 454 2090 inveni,
485 2054 585 2092 quae
606 2042 895 2081 Hellenicorum
923 2042 1138 2081 narrationi
1166 2042 1223 2080 ita
1247 2045 1478 2091 repugnant,

110 2114 154 2148 ut
182 2110 289 2148 nullo
317 2109 431 2148 modo
460 2109 541 2148 fieri
572 2111 708 2159 possit,
733 2110 825 2159 quin
845 2109 1093 2148 Valckenarii
1113 2109 1257 2148 iudicio
1277 2110 1479 2149 assentiar.

235 2178 290 2218 Ut
316 2178 470 2217 initium
500 2191 647 2217 sumam
677 2192 698 2217 a
727 2180 781 2230 ἐξ.
813 2181 912 2217 5--8
942 2179 1081 2228 eapitis
1110 2178 1236 2228 primi,
1266 2191 1342 2228 quo
1365 2178 1480 2217 modo

110 2260 178 2285 eae
198 2247 346 2293 laudes,
375 2246 515 2295 quibus
538 2247 740 2295 Agesilaus
760 2247 930 2293 effertur,
956 2259 1043 2284 cum
1061 2247 1110 2284 iis
1130 2249 1360 2296 congruunt,
1380 2258 1481 2295 quae

110 2313 148 2351 in
177 2313 391 2352 Hellenicis
404 2312 435 2364 ²)
465 2313 704 2352 traduntur?
732 2314 904 2353 Primum
935 2314 1035 2352 enim
1064 2314 1232 2364 scriptor
1252 2313 1324 2353 soli
1343 2314 1480 2352 virtuti

111 2396 156 2420 ac
185 2382 336 2431 generis
364 2381 560 2419 nobilitati
581 2381 731 2430 tribuit,
760 2382 864 2431 quod
882 2394 1061 2431 magnam
1082 2384 1234 2431 partem
1257 2382 1479 2432 Agesilaum

239 2542 265 2581 1)
288 2538 337 2573 of.
360 2539 446 2572 Heu.
469 2539 508 2572 v,
530 2539 560 2572 4.
583 2540 611 2572 1.

236 2599 263 2640 2)
286 2596 334 2630 cf.
357 2597 442 2630 nen.
465 2597 511 2629 111
546 2597 575 2630 3.
595 2597 615 2629 3
634 2601 666 2629 et
687 2598 718 2630 4.
739 2598 772 2629 2.
