1641 2866
800 200 822 236 9

130 321 238 360 laum
264 322 474 373 scripserit,
520 322 623 362 male
662 334 704 361 se
730 321 876 360 habere
901 321 1118 371 intelleges,
1157 321 1233 359 nisi
1260 320 1492 359 testimoniis

130 388 331 446 hominum
359 390 497 429 critica
522 389 713 430 facultate
738 392 861 439 atque
881 389 1034 439 ingenii
1060 388 1276 428 subtilitate
1294 388 1492 438 praedito-

131 468 217 494 rum
245 468 333 495 eum
371 457 487 496 huius
525 457 619 496 libri
645 460 846 496 auctorem
874 469 958 495 esse
986 457 1200 495 certissime
1228 455 1490 494 confirmatur.

130 523 296 563 Proinde
317 524 546 574 rideamus,
587 525 654 576 qui
700 524 913 575 qualesque
941 524 1031 572 sint,
1061 535 1226 574 quorum
1253 523 1491 563 auctoritate

132 591 302 641 Agesilai
329 592 551 632 defensores
577 593 767 632 nitantur.

183 660 310 710 Atque
337 661 587 704 vetustissimi
613 663 734 700 testes
760 660 978 700 afferuntur
997 660 1146 699 Tullius
1174 659 1310 699 Cicero
1338 662 1379 698 et
1398 659 1492 698 Cor-

131 726 255 767 nelius
282 727 425 779 Nepos,
459 741 624 778 quorum
658 729 789 768 neutri
828 728 902 768 hac
916 728 1087 778 quidem
1113 729 1154 767 in
1181 740 1224 767 re
1251 729 1348 766 satis
1377 726 1493 766 confi-

132 795 223 834 dere
249 795 352 835 licet.
408 796 578 836 Tullium
592 797 621 849 ι)
661 797 764 836 enim
796 797 885 836 aliis
911 800 951 836 et
974 796 1140 847 publicis
1170 799 1210 834 et
1237 795 1400 846 privatis
1427 806 1492 834 ne-

72 877 74 879 *
131 863 249 913 gotiis
275 864 508 904 distractum
553 877 632 904 non
671 865 800 915 ipsum
835 865 1060 915 diligentius
1085 864 1330 914 inquisivisse
1357 863 1418 901 vel
1445 876 1492 901 ex

131 944 176 970 eo
204 933 467 982 cognoscitur,
495 932 599 982 quod
629 933 670 971 in
705 932 930 982 quaerenda
956 932 1132 973 Platonis
1159 932 1396 982 scriptorum
1419 931 1494 969 ori-

131 999 219 1047 gine
247 998 404 1038 dubiam
431 999 781 1038 Alexandrinorum
808 1001 1083 1038 auctoritatem
1111 1000 1192 1037 sine
1221 998 1403 1048 scrupulo
1431 1010 1491 1036 se-

132 1071 246 1105 cutus
273 1069 333 1106 est
359 1079 483 1117 neque
527 1066 650 1105 ullum
677 1080 724 1106 ex
752 1067 820 1115 eis,
868 1079 966 1117 quae
999 1068 1056 1105 illi
1085 1068 1253 1117 genuina
1280 1078 1364 1105 esse
1391 1064 1495 1104 arbi-

131 1134 227 1173 trati
254 1137 358 1180 sunt,
385 1135 427 1173 in
454 1134 737 1174 dubitationem
765 1136 928 1174 vocavit.
982 1135 1040 1173 Eo
1068 1139 1199 1174 autem
1227 1134 1355 1173 minus
1384 1133 1492 1172 Cice-

129 1201 236 1241 ronis
264 1201 392 1241 verbis
419 1202 492 1241 niti
519 1201 673 1251 debent,
704 1203 771 1253 qui
797 1202 973 1242 libellum
1001 1202 1249 1253 Xenophonti
1277 1200 1489 1248 vindicant,

134 1269 240 1319 quod
279 1269 330 1309 ad
373 1270 501 1309 locum
542 1270 832 1309 memorabilem
873 1272 1013 1321 capitis
1050 1271 1116 1308 XI.
1152 1272 1184 1321 ξ.
1215 1274 1250 1310 7.
1283 1268 1488 1319 spectavit,

129 1350 219 1377 nam
244 1336 319 1377 hoc
334 1340 453 1389 caput
465 1350 607 1388 omnes,
627 1339 745 1378 etiam
763 1338 885 1379 libelli
904 1338 1072 1379 editores
1091 1341 1314 1390 suspectum
1333 1336 1490 1377 habent.

208 1405 295 1445 Non
322 1407 470 1445 maiore
514 1407 590 1445 fide
614 1407 754 1457 dignus
782 1412 841 1446 est
868 1407 1071 1446 Cornelius
1085 1408 1129 1459 ²),
1172 1408 1239 1456 qui
1265 1407 1366 1444 veris
1392 1405 1493 1443 falsa

130 1473 355 1525 saepissime
394 1473 615 1515 admiscuit.
669 1474 842 1525 Accedit,
883 1474 988 1525 quod
1036 1488 1082 1513 ex
1116 1475 1198 1513 eius
1225 1472 1354 1513 verbis
1382 1472 1494 1524 quid-

131 1554 250 1591 quam
278 1543 378 1580 certi
405 1542 535 1592 colligi
561 1556 638 1581 non
666 1546 809 1592 potest,
837 1556 957 1592 quum
983 1544 1098 1581 nimis
1113 1543 1273 1581 dubium
1299 1541 1492 1588 videatur,

127 1611 256 1646 utrum
289 1620 419 1647 rerum
448 1608 685 1648 Graecarum
730 1622 781 1648 an
818 1609 1055 1649 laudationis
1083 1610 1315 1659 scriptorem
1341 1608 1492 1647 intelle-

126 1676 240 1724 xerit,
284 1688 374 1715 nam
415 1676 465 1715 ab
510 1680 676 1727 utroque
714 1678 916 1727 Agesilaus
949 1679 1087 1716 eximie
1121 1677 1304 1716 laudatus
1344 1680 1420 1723 est,
1458 1676 1492 1713 si

128 1742 284 1792 quidem
328 1742 377 1782 de
405 1743 576 1794 quinque
603 1744 884 1795 posterioribus
912 1744 1208 1784 ‘Hellenicorum
1242 1743 1355 1782 libris
1383 1743 1492 1782 Pete-

75 1811 77 1814 “
126 1823 193 1850 rus
201 1810 233 1862 ³)
273 1814 380 1852 recte
406 1812 604 1853 iudicavit.
658 1813 704 1852 Id
728 1813 868 1853 saltem
901 1813 1001 1853 'satis
1031 1817 1212 1853 constare
1241 1812 1369 1860 credo,
1399 1811 1493 1851 Cor-

128 1878 275 1918 nelium
302 1879 505 1919 historiam
533 1880 736 1930 Graecam,
764 1882 940 1931 quamvis
966 1881 1092 1920 multa
1119 1893 1166 1920 ex
1193 1881 1369 1920 encomio
1395 1880 1492 1919 hau-

129 1947 241 1995 serit,
284 1961 363 1987 non
401 1949 555 1988 omnino
595 1949 821 1999 neglexisse.
890 1950 1139 1999 Quantopere
1172 1949 1292 1999 igitur
1328 1948 1492 1999 Nipper-

127 2014 237 2053 deius
249 2014 297 2066 ⁴),
339 2017 406 2066 qui
433 2015 529 2066 dicit
554 2016 667 2056 haec:
708 2017 817 2065 „Nur
843 2017 906 2056 die
932 2016 1155 2055 Lobschrift
1182 2016 1252 2054 auf
1275 2016 1491 2066 Agesilaus,

125 2082 237 2123 keine
247 2096 321 2124 von
333 2083 568 2135 Xenophons
577 2085 741 2125 aechten
749 2084 942 2125 Schriften
948 2085 1018 2124 hat
1024 2085 1154 2135 Nepos
1166 2084 1362 2133 benutzt‚“
1370 2097 1492 2135 quan-

125 2153 271 2201 topere,
299 2152 470 2202 inquam,
498 2165 522 2191 a
548 2165 639 2192 vero
667 2152 920 2201 aberraverit,
947 2165 1024 2192 non
1051 2154 1130 2191 iam
1158 2165 1255 2203 opus
1285 2155 1344 2191 est
1371 2152 1493 2202 pluri-

212 2298 236 2338 1)
258 2297 307 2330 Cf.
330 2297 392 2339 Ep.
415 2297 458 2330 ad
481 2297 591 2330 famill.
612 2297 651 2329 V.
677 2298 736 2330 12:
768 2298 948 2339 Spartiates
971 2297 1144 2338 Agesilaus
1167 2298 1224 2330 ille
1244 2306 1352 2339 neque
1373 2297 1491 2338 pictam

124 2363 231 2397 neque
251 2355 360 2388 fictam
382 2355 553 2397 imaginem
568 2365 657 2388 suam
681 2364 795 2397 passus
818 2359 867 2388 est
888 2364 970 2388 esse.
1016 2355 1106 2389 Unus
1121 2355 1347 2397 Xenophontis
1363 2355 1490 2387 libellus

104 2430 106 2432 ·
124 2412 158 2443 in
181 2421 220 2444 eo
242 2420 321 2453 rege
343 2412 506 2445 laudando
530 2413 625 2445 facile
646 2421 756 2444 omnes
773 2413 915 2446 omnium
936 2413 1095 2454 imagines
1111 2417 1300 2453 statuasque
1315 2412 1488 2452 superavit.

207 2470 234 2506 2)
258 2468 307 2501 Cf.
330 2469 396 2501 vita
417 2469 515 2509 Ages.
538 2470 570 2501 I:
591 2469 763 2510 Agesilaus
785 2479 856 2501 cum
877 2479 897 2501 a
919 2470 1035 2502 ceteris
1055 2469 1275 2510 scriptoribus,
1297 2472 1363 2500 tum
1385 2478 1406 2501 a
1427 2468 1490 2500 Xe-

123 2525 290 2567 nophonte
313 2526 475 2559 Socratico
496 2526 614 2559 eximie
635 2526 834 2560 collaudatus
857 2531 915 2561 est.

206 2584 233 2623 3)
255 2583 431 2615 comment.
455 2584 525 2616 crit.
549 2583 591 2616 de
613 2585 765 2626 Xenoph.
786 2585 916 2618 Hellen.
947 2595 978 2626 p.
1001 2585 1052 2618 85.

206 2642 233 2681 4)
255 2639 304 2673 Cf.
327 2641 523 2683 prooemium
546 2652 577 2683 p.
599 2643 630 2676 5.
667 2655 669 2657 ’
