1641 2866
802 155 853 192 48

138 289 254 327 quem
291 289 405 316 saera
444 276 757 318 administranda
797 282 919 319 erant.
977 278 1063 326 Qua
1101 276 1303 330 impietate
1330 276 1508 327 Thebani

138 347 198 384 ira
224 346 383 393 incensi,
413 346 618 395 quominus
648 346 880 386 sacrificium
912 347 1064 385 ratione
1092 349 1173 384 tam
1201 344 1367 397 profana
1382 344 1506 392 fieret,

138 414 175 451 vi
209 412 482 465 impediebant.
495 413 522 465 ²)
577 414 712 465 Neque
751 415 878 453 minus
918 426 983 462 ea,
1021 425 1122 463 quae
1148 413 1189 452 in
1216 414 1248 464 ξ.
1278 415 1314 453 2.
1342 415 1507 461 exstant,

141 481 361 530 Agesilaum
390 480 506 518 rebus
534 482 715 520 secundis
743 495 820 520 non
849 482 1025 533 superbe,
1055 481 1122 519 sed
1151 493 1305 532 semper
1331 480 1506 533 modeste

137 561 183 588 ac
212 547 424 587 clementer
448 561 489 588 se
517 549 701 598 gessisse,
730 548 780 588 ab
807 549 972 589 historia
1000 560 1141 599 graeca
1168 547 1404 601 discrepant.
1446 546 1505 587 Ibi

138 619 239 655 enim
281 618 447 667 legimus
477 618 700 667 Agesilaum
737 618 785 656 ob
824 619 1024 656 victoriam
1054 605 1346 656 adeoroneam
1373 628 1506 669 repor-

138 688 264 724 tatam
293 685 410 723 nimis
438 685 584 724 elatum
610 684 816 725 Thebanos
844 697 980 738 pacem
1008 683 1213 725 offerentes
1241 688 1323 723 tam
1342 670 1506 736 superbe

137 754 380 801 tractavisse,
406 757 450 791 ut
478 766 611 792 eorum
638 754 790 803 legatos
816 766 865 792 ne
893 754 1115 806 adspiceret
1142 752 1310 802 quidem.
1325 752 1358 804 ²)

264 819 340 859 Sed
366 820 463 858 haec
489 820 692 868 hactenus,
729 832 819 858 nam
847 833 895 859 ex
921 821 982 869 iis,
1010 832 1111 870 quae
1139 819 1231 868 dixi,
1260 818 1503 858 laudatorem

137 891 250 938 patet
284 891 324 926 et
356 888 397 926 in
433 888 661 927 enarrandis
701 887 819 927 rebus
862 892 901 927 et
927 889 968 927 in
995 887 1205 927 virtutibus
1231 885 1504 937 praedicandis

138 970 214 994 non
241 956 492 995 mediocriter
520 955 569 993 ab
597 956 763 995 historia
791 969 932 1006 graeca
959 955 1170 996 deflexisse.
1228 955 1364 1004 Neque
1390 953 1432 992 id
1460 965 1505 992 eo

136 1023 252 1063 modo
280 1024 466 1074 explicari
494 1027 636 1074 potest,
666 1028 710 1063 ut
737 1023 923 1072 dicamus,
952 1024 1196 1064 laudatorem
1224 1036 1301 1063 non
1320 1023 1376 1061 ita
1394 1034 1505 1061 accu-

137 1097 223 1130 rate
254 1092 470 1145 res-solere
499 1092 706 1141 inquirere.
762 1092 848 1138 Qua
874 1093 941 1141 qui
967 1095 1133 1131 utuntur
1160 1091 1426 1137 excusatione,
1454 1089 1502 1127 iis

140 1162 258 1197 antea
297 1158 540 1208 probandum
573 1157 663 1203 fuit,
699 1157 964 1209 Xenophonti,
1003 1171 1116 1208 quem
1146 1161 1302 1197 constat
1327 1155 1505 1195 veritatis

140 1226 288 1276 ubique
306 1226 522 1265 studiosum
542 1226 671 1274 fuisse,
686 1226 717 1278 ⁸)
745 1227 836 1265 talis
857 1227 1025 1265 oratoris
1044 1231 1176 1276 partes
1195 1238 1329 1275 gerere
1348 1224 1504 1264 omnino

138 1292 307 1333 licuisse.
338 1293 397 1332 Eo
425 1296 560 1332 autem
587 1294 716 1332 minus
743 1293 809 1333 ille
837 1293 950 1333 afide
968 1293 1150 1333 recedere
1174 1291 1353 1340 debebat,
1384 1302 1503 1341 quum

137 1363 367 1412 superstites
394 1366 540 1409 essent,
576 1364 642 1411 qui
670 1363 893 1412 Agesilaum
921 1364 1048 1412 ipsum
1075 1365 1336 1412 cognoverant
1361 1372 1502 1408 neque,

137 1429 264 1479 qualis
313 1428 452 1468 fuisset
496 1441 676 1479 quaeque
718 1429 877 1468 fecisset
917 1429 1161 1480 ignorabant.
1223 1427 1352 1476 Quid?
1399 1425 1504 1477 quod

138 1498 259 1536 etiam
287 1497 328 1534 in
354 1496 402 1535 iis
417 1527 426 1545 ,
461 1508 562 1545 quae
589 1509 666 1535 non
694 1500 787 1535 sunt
813 1497 1050 1543 laudatoris,
1079 1496 1147 1535 sed
1171 1496 1293 1546 ipsius
1319 1494 1507 1541 historici,

135 1576 214 1602 non
241 1571 369 1614 pauca
395 1563 623 1611 invenimus,
651 1575 750 1612 quae
778 1576 866 1603 cum
887 1564 1176 1603 Hellenicorum
1203 1563 1330 1602 verbis
1357 1563 1396 1601 in
1418 1573 1508 1600 con-

138 1644 294 1671 sensum
323 1644 370 1670 ac
398 1632 727 1683 conspirationem
755 1632 863 1671 nullo
889 1631 1006 1671 modo
1033 1635 1198 1683 possunt
1224 1630 1378 1671 adduci.
1407 1631 1503 1670 Tam

138 1700 337 1738 contraria
377 1699 427 1738 ab
456 1712 531 1738 uno
559 1699 771 1749 eodemque
800 1700 990 1750 scriptore
1017 1699 1194 1750 profecta
1221 1711 1306 1738 esse
1334 1699 1421 1748 quis
1446 1701 1507 1737 est

137 1768 204 1818 qui
230 1767 399 1809 credat?

265 1883 289 1924 ¹)
310 1882 395 1916 Hell.
417 1882 476 1917 111.
497 1882 527 1916 4.
549 1882 580 1917 4.

260 1941 288 1978 2)
309 1940 396 1973 Hell.
416 1941 469 1973 IV.
495 1941 524 1972 5.
547 1942 576 1974 6.

260 1997 288 2036 ³)
309 1995 444 2029 Lucian.
467 1996 509 2028 de
530 1997 685 2029 conscrib.
709 1997 785 2030 hist,
807 1996 834 2040 ξ.
858 1996 907 2028 39.
952 1996 1045 2029 Diod.
1068 1996 1130 2029 Sic.
1153 1997 1178 2029 1.
1200 2006 1228 2038 p.
1253 1996 1303 2027 34.
