<?xml version="1.0" encoding="UTF-8"?>
<!DOCTYPE html PUBLIC "-//W3C//DTD XHTML 1.0 Transitional//EN"
    "http://www.w3.org/TR/xhtml1/DTD/xhtml1-transitional.dtd">
<html xmlns="http://www.w3.org/1999/xhtml" xml:lang="en" lang="en">
 <head>
  <title>
</title>
<meta http-equiv="Content-Type" content="text/html;charset=utf-8" />
  <meta name='ocr-system' content='tesseract 3.04.00' />
  <meta name='ocr-capabilities' content='ocr_page ocr_carea ocr_par ocr_line ocrx_word'/>
</head>
<body>
  <div class='ocr_page' id='page_1' title='image "4737326_0040.png"; bbox 0 0 1641 2866; ppageno 0'>
   <div class='ocr_carea' id='block_1_1' title="bbox 796 161 848 200">
    <p class='ocr_par' dir='ltr' id='par_1_1' title="bbox 796 161 848 200">
     <span class='ocr_line' id='line_1_1' title="bbox 796 161 848 200; baseline -0.019 0"><span class='ocrx_word' id='word_1_1' title='bbox 796 161 848 200; x_wconf 87' lang='lat'><strong>34</strong></span> 
     </span>
    </p>
   </div>
   <div class='ocr_carea' id='block_1_2' title="bbox 697 216 944 221">
    <p class='ocr_par' dir='ltr' id='par_1_2' title="bbox 697 216 944 221">
     <span class='ocr_line' id='line_1_2' title="bbox 697 216 944 221; baseline 0 0"><span class='ocrx_word' id='word_1_2' title='bbox 697 216 944 221; x_wconf 95' lang='lat' dir='ltr'><strong> </strong></span> 
     </span>
    </p>
   </div>
   <div class='ocr_carea' id='block_1_3' title="bbox 133 281 1501 408">
    <p class='ocr_par' dir='ltr' id='par_1_3' title="bbox 133 281 1501 408">
     <span class='ocr_line' id='line_1_3' title="bbox 135 281 1501 339; baseline 0 -15"><span class='ocrx_word' id='word_1_3' title='bbox 135 299 201 338; x_wconf 85' lang='grc' dir='ltr'><strong>ρον</strong></span> <span class='ocrx_word' id='word_1_4' title='bbox 224 284 268 324; x_wconf 81' lang='grc' dir='ltr'><strong>δὲ</strong></span> <span class='ocrx_word' id='word_1_5' title='bbox 295 284 381 324; x_wconf 84' lang='grc' dir='ltr'><em>τίνα</em></span> <span class='ocrx_word' id='word_1_6' title='bbox 406 283 454 324; x_wconf 74' lang='grc' dir='ltr'><strong>ἂν</strong></span> <span class='ocrx_word' id='word_1_7' title='bbox 480 283 639 332; x_wconf 80' lang='grc' dir='ltr'><strong><em>εἰκότως</em></strong></span> <span class='ocrx_word' id='word_1_8' title='bbox 665 286 865 337; x_wconf 83' lang='grc' dir='ltr'><strong><em>νομίσαιτε</em></strong></span> <span class='ocrx_word' id='word_1_9' title='bbox 888 289 959 325; x_wconf 84' lang='grc' dir='ltr'><strong>τοῦ</strong></span> <span class='ocrx_word' id='word_1_10' title='bbox 981 285 1082 339; x_wconf 82' lang='grc' dir='ltr'><strong><em>πρὸς</em></strong></span> <span class='ocrx_word' id='word_1_11' title='bbox 1103 284 1153 323; x_wconf 79' lang='grc' dir='ltr'><strong>τὰ</strong></span> <span class='ocrx_word' id='word_1_12' title='bbox 1177 281 1353 337; x_wconf 82' lang='grc' dir='ltr'><em>παρόντα</em></span> <span class='ocrx_word' id='word_1_13' title='bbox 1366 297 1501 338; x_wconf 78' lang='grc' dir='ltr'><em>συνηρ-</em></span> 
     </span>
     <span class='ocr_line' id='line_1_4' title="bbox 133 351 1248 408; baseline 0 -16"><span class='ocrx_word' id='word_1_14' title='bbox 133 352 340 404; x_wconf 84' lang='grc' dir='ltr'><em>μοσμένου,</em></span> <span class='ocrx_word' id='word_1_15' title='bbox 359 354 412 400; x_wconf 81' lang='grc' dir='ltr'><strong>ὠς</strong></span> <span class='ocrx_word' id='word_1_16' title='bbox 429 357 505 393; x_wconf 85' lang='grc' dir='ltr'><strong>τῶν</strong></span> <span class='ocrx_word' id='word_1_17' title='bbox 523 351 731 408; x_wconf 82' lang='grc' dir='ltr'><em>ἀλλοτρίων</em></span> <span class='ocrx_word' id='word_1_18' title='bbox 748 354 913 408; x_wconf 70' lang='grc' dir='ltr'><em>μηδενὸς</em></span> <span class='ocrx_word' id='word_1_19' title='bbox 931 353 1248 408; x_wconf 72' lang='grc' dir='ltr'><em>προςὸεῖσθαι;1)</em></span> 
     </span>
    </p>
   </div>
   <div class='ocr_carea' id='block_1_4' title="bbox 131 452 1552 1597">
    <p class='ocr_par' dir='ltr' id='par_1_4' title="bbox 131 452 1552 1597">
     <span class='ocr_line' id='line_1_5' title="bbox 261 452 1503 510; baseline -0.001 -13"><span class='ocrx_word' id='word_1_20' title='bbox 261 452 354 509; x_wconf 86' lang='lat' dir='ltr'><strong>Cap.</strong></span> <span class='ocrx_word' id='word_1_21' title='bbox 382 459 447 497; x_wconf 89' lang='lat' dir='ltr'><strong>IX.</strong></span> <span class='ocrx_word' id='word_1_22' title='bbox 495 459 540 497; x_wconf 95' lang='lat' dir='ltr'><strong>In</strong></span> <span class='ocrx_word' id='word_1_23' title='bbox 577 460 707 509; x_wconf 90' lang='lat' dir='ltr'><strong>priore</strong></span> <span class='ocrx_word' id='word_1_24' title='bbox 733 459 848 498; x_wconf 87' lang='lat' dir='ltr'><strong>huius</strong></span> <span class='ocrx_word' id='word_1_25' title='bbox 876 459 1016 510; x_wconf 85' lang='lat' dir='ltr'><strong>capitis</strong></span> <span class='ocrx_word' id='word_1_26' title='bbox 1039 461 1152 509; x_wconf 86' lang='lat' dir='ltr'><strong>parte</strong></span> <span class='ocrx_word' id='word_1_27' title='bbox 1180 458 1348 508; x_wconf 82' lang='lat' dir='ltr'><strong>scriptor</strong></span> <span class='ocrx_word' id='word_1_28' title='bbox 1376 460 1503 497; x_wconf 87' lang='lat' dir='ltr'><strong>osten-</strong></span> 
     </span>
     <span class='ocr_line' id='line_1_6' title="bbox 134 525 1503 577; baseline -0.001 -11"><span class='ocrx_word' id='word_1_29' title='bbox 134 527 225 566; x_wconf 89' lang='lat' dir='ltr'><strong>dere</strong></span> <span class='ocrx_word' id='word_1_30' title='bbox 253 528 392 577; x_wconf 88' lang='lat' dir='ltr'><strong>pergit,</strong></span> <span class='ocrx_word' id='word_1_31' title='bbox 421 527 604 577; x_wconf 87' lang='lat' dir='ltr'><strong>Spartani</strong></span> <span class='ocrx_word' id='word_1_32' title='bbox 631 529 734 577; x_wconf 86' lang='lat' dir='ltr'><strong>regis</strong></span> <span class='ocrx_word' id='word_1_33' title='bbox 761 528 914 567; x_wconf 87' lang='lat' dir='ltr'><strong>vivendi</strong></span> <span class='ocrx_word' id='word_1_34' title='bbox 943 528 1046 566; x_wconf 91' lang='lat' dir='ltr'><strong>ratio</strong></span> <span class='ocrx_word' id='word_1_35' title='bbox 1072 539 1189 576; x_wconf 88' lang='lat' dir='ltr'><strong>quam</strong></span> <span class='ocrx_word' id='word_1_36' title='bbox 1208 526 1322 576; x_wconf 87' lang='lat' dir='ltr'><strong>longe</strong></span> <span class='ocrx_word' id='word_1_37' title='bbox 1348 525 1503 565; x_wconf 82' lang='lat' dir='ltr'><strong>differat</strong></span> 
     </span>
     <span class='ocr_line' id='line_1_7' title="bbox 134 595 1502 647; baseline -0.001 -13"><span class='ocrx_word' id='word_1_38' title='bbox 134 608 157 634; x_wconf 88' lang='lat' dir='ltr'><strong>a</strong></span> <span class='ocrx_word' id='word_1_39' title='bbox 198 596 302 645; x_wconf 88' lang='lat' dir='ltr'><strong>regis</strong></span> <span class='ocrx_word' id='word_1_40' title='bbox 330 595 536 634; x_wconf 86' lang='lat' dir='ltr'><strong>Persarum</strong></span> <span class='ocrx_word' id='word_1_41' title='bbox 564 595 749 636; x_wconf 89' lang='lat' dir='ltr'><strong>moribus.</strong></span> <span class='ocrx_word' id='word_1_42' title='bbox 781 595 833 647; x_wconf 63' lang='grc' dir='ltr'><strong>(ἓ.</strong></span> <span class='ocrx_word' id='word_1_43' title='bbox 866 595 994 646; x_wconf 78' lang='lat'><strong>1—6.)</strong></span> <span class='ocrx_word' id='word_1_44' title='bbox 1024 595 1129 642; x_wconf 85' lang='lat' dir='ltr'><strong>Quos</strong></span> <span class='ocrx_word' id='word_1_45' title='bbox 1168 598 1212 633; x_wconf 93' lang='lat' dir='ltr'><strong>ut</strong></span> <span class='ocrx_word' id='word_1_46' title='bbox 1239 597 1502 644; x_wconf 87' lang='lat' dir='ltr'><strong>cognosceret,</strong></span> 
     </span>
     <span class='ocr_line' id='line_1_8' title="bbox 134 661 1552 713; baseline -0.001 -12"><span class='ocrx_word' id='word_1_47' title='bbox 134 663 283 701; x_wconf 90' lang='lat' dir='ltr'><strong>nullum</strong></span> <span class='ocrx_word' id='word_1_48' title='bbox 322 662 540 701; x_wconf 88' lang='lat' dir='ltr'>uberiorem</span> <span class='ocrx_word' id='word_1_49' title='bbox 583 664 730 702; x_wconf 86' lang='lat' dir='ltr'><strong>fontem</strong></span> <span class='ocrx_word' id='word_1_50' title='bbox 771 663 879 702; x_wconf 86' lang='lat' dir='ltr'><strong>adire</strong></span> <span class='ocrx_word' id='word_1_51' title='bbox 916 666 1092 713; x_wconf 83' lang='lat' dir='ltr'><strong>poterat,</strong></span> <span class='ocrx_word' id='word_1_52' title='bbox 1130 675 1248 712; x_wconf 87' lang='lat' dir='ltr'><strong>quam</strong></span> <span class='ocrx_word' id='word_1_53' title='bbox 1284 661 1427 700; x_wconf 90' lang='lat' dir='ltr'><strong>librum</strong></span> <span class='ocrx_word' id='word_1_54' title='bbox 1456 661 1502 700; x_wconf 90' lang='lat' dir='ltr'><strong>de</strong></span> <span class='ocrx_word' id='word_1_55' title='bbox 1549 670 1552 675; x_wconf 84' lang='grc'><em>“</em></span> 
     </span>
     <span class='ocr_line' id='line_1_9' title="bbox 133 728 1504 781; baseline -0.001 -13"><span class='ocrx_word' id='word_1_56' title='bbox 133 731 378 769; x_wconf 87' lang='lat' dir='ltr'><strong>institutione</strong></span> <span class='ocrx_word' id='word_1_57' title='bbox 422 730 512 780; x_wconf 89' lang='lat' dir='ltr'><strong>Cyri</strong></span> <span class='ocrx_word' id='word_1_58' title='bbox 554 731 828 781; x_wconf 86' lang='lat' dir='ltr'><strong>conscriptum.</strong></span> <span class='ocrx_word' id='word_1_59' title='bbox 882 730 935 768; x_wconf 88' lang='lat' dir='ltr'><strong>Et</strong></span> <span class='ocrx_word' id='word_1_60' title='bbox 974 729 1149 780; x_wconf 88' lang='lat' dir='ltr'><strong>profecto</strong></span> <span class='ocrx_word' id='word_1_61' title='bbox 1190 742 1238 768; x_wconf 86' lang='lat' dir='ltr'><strong>ex</strong></span> <span class='ocrx_word' id='word_1_62' title='bbox 1278 728 1352 767; x_wconf 91' lang='lat' dir='ltr'><strong>hoc</strong></span> <span class='ocrx_word' id='word_1_63' title='bbox 1378 729 1504 767; x_wconf 90' lang='lat' dir='ltr'><strong>Xeno-</strong></span> 
     </span>
     <span class='ocr_line' id='line_1_10' title="bbox 133 796 1502 849; baseline -0.001 -12"><span class='ocrx_word' id='word_1_64' title='bbox 133 798 291 849; x_wconf 79' lang='lat' dir='ltr'><strong>phontis</strong></span> <span class='ocrx_word' id='word_1_65' title='bbox 320 811 435 849; x_wconf 88' lang='lat' dir='ltr'><strong>opere</strong></span> <span class='ocrx_word' id='word_1_66' title='bbox 462 798 604 837; x_wconf 88' lang='lat' dir='ltr'><strong>hausta</strong></span> <span class='ocrx_word' id='word_1_67' title='bbox 631 803 721 837; x_wconf 90' lang='lat' dir='ltr'><strong>sunt</strong></span> <span class='ocrx_word' id='word_1_68' title='bbox 748 798 930 849; x_wconf 88' lang='lat' dir='ltr'><strong>plurima.</strong></span> <span class='ocrx_word' id='word_1_69' title='bbox 978 798 1105 848; x_wconf 86' lang='lat' dir='ltr'><strong>Atque</strong></span> <span class='ocrx_word' id='word_1_70' title='bbox 1134 810 1211 847; x_wconf 88' lang='lat' dir='ltr'><strong>quo</strong></span> <span class='ocrx_word' id='word_1_71' title='bbox 1239 797 1365 835; x_wconf 88' lang='lat' dir='ltr'><strong>minus</strong></span> <span class='ocrx_word' id='word_1_72' title='bbox 1394 796 1502 835; x_wconf 90' lang='lat' dir='ltr'><strong>dubi—</strong></span> 
     </span>
     <span class='ocr_line' id='line_1_11' title="bbox 133 864 1501 917; baseline -0.002 -12"><span class='ocrx_word' id='word_1_73' title='bbox 133 871 204 916; x_wconf 84' lang='lat' dir='ltr'><strong>tes,</strong></span> <span class='ocrx_word' id='word_1_74' title='bbox 233 879 298 905; x_wconf 88' lang='lat' dir='ltr'><strong>eos</strong></span> <span class='ocrx_word' id='word_1_75' title='bbox 325 865 484 905; x_wconf 86' lang='lat' dir='ltr'><strong>afferam</strong></span> <span class='ocrx_word' id='word_1_76' title='bbox 512 866 628 916; x_wconf 88' lang='lat' dir='ltr'><strong>locos,</strong></span> <span class='ocrx_word' id='word_1_77' title='bbox 658 867 709 905; x_wconf 86' lang='lat' dir='ltr'><strong>ad</strong></span> <span class='ocrx_word' id='word_1_78' title='bbox 737 880 835 917; x_wconf 88' lang='lat' dir='ltr'><strong>quos</strong></span> <span class='ocrx_word' id='word_1_79' title='bbox 861 866 1044 906; x_wconf 85' lang='lat' dir='ltr'><strong>laudator</strong></span> <span class='ocrx_word' id='word_1_80' title='bbox 1069 866 1306 916; x_wconf 81' lang='lat' dir='ltr'><strong>spectavisse</strong></span> <span class='ocrx_word' id='word_1_81' title='bbox 1334 864 1501 904; x_wconf 84' lang='lat' dir='ltr'><strong>videtur.</strong></span> 
     </span>
     <span class='ocr_line' id='line_1_12' title="bbox 135 933 1500 989; baseline -0.001 -15"><span class='ocrx_word' id='word_1_82' title='bbox 135 934 259 985; x_wconf 81' lang='lat' dir='ltr'>Cyrus</span> <span class='ocrx_word' id='word_1_83' title='bbox 285 934 409 984; x_wconf 86' lang='lat' dir='ltr'><strong>igitur</strong></span> <span class='ocrx_word' id='word_1_84' title='bbox 436 947 481 973; x_wconf 93' lang='lat' dir='ltr'><strong>eo</strong></span> <span class='ocrx_word' id='word_1_85' title='bbox 509 936 756 975; x_wconf 87' lang='lat' dir='ltr'><strong>maiestatem</strong></span> <span class='ocrx_word' id='word_1_86' title='bbox 783 934 1025 975; x_wconf 86' lang='lat' dir='ltr'><strong>affectavisse</strong></span> <span class='ocrx_word' id='word_1_87' title='bbox 1052 937 1249 989; x_wconf 80' lang='lat' dir='ltr'><strong>narratur,</strong></span> <span class='ocrx_word' id='word_1_88' title='bbox 1279 933 1384 984; x_wconf 89' lang='lat' dir='ltr'><strong>quod</strong></span> <span class='ocrx_word' id='word_1_89' title='bbox 1411 946 1500 972; x_wconf 87' lang='lat' dir='ltr'><strong>raro</strong></span> 
     </span>
     <span class='ocr_line' id='line_1_13' title="bbox 133 1001 1502 1053; baseline -0.001 -12"><span class='ocrx_word' id='word_1_90' title='bbox 133 1004 174 1041; x_wconf 94' lang='lat' dir='ltr'><strong>in</strong></span> <span class='ocrx_word' id='word_1_91' title='bbox 201 1002 401 1053; x_wconf 91' lang='lat' dir='ltr'><strong>publicum</strong></span> <span class='ocrx_word' id='word_1_92' title='bbox 428 1002 612 1052; x_wconf 82' lang='lat' dir='ltr'><strong>prodibat</strong></span> <span class='ocrx_word' id='word_1_93' title='bbox 640 1006 680 1041; x_wconf 94' lang='lat' dir='ltr'><strong>et</strong></span> <span class='ocrx_word' id='word_1_94' title='bbox 706 1003 837 1041; x_wconf 89' lang='lat' dir='ltr'><strong>aditus</strong></span> <span class='ocrx_word' id='word_1_95' title='bbox 862 1003 913 1041; x_wconf 89' lang='lat' dir='ltr'><strong>ad</strong></span> <span class='ocrx_word' id='word_1_96' title='bbox 939 1015 980 1040; x_wconf 90' lang='lat' dir='ltr'><strong>se</strong></span> <span class='ocrx_word' id='word_1_97' title='bbox 999 1001 1189 1040; x_wconf 88' lang='lat' dir='ltr'><strong>reddebat</strong></span> <span class='ocrx_word' id='word_1_98' title='bbox 1208 1001 1502 1051; x_wconf 75' lang='lat' dir='ltr'><strong>difficiliores.²)</strong></span> 
     </span>
     <span class='ocr_line' id='line_1_14' title="bbox 137 1069 1504 1120; baseline -0.001 -12"><span class='ocrx_word' id='word_1_99' title='bbox 137 1070 194 1108; x_wconf 91' lang='lat' dir='ltr'><strong>De</strong></span> <span class='ocrx_word' id='word_1_100' title='bbox 222 1069 440 1120; x_wconf 85' lang='lat' dir='ltr'><strong>magnificis</strong></span> <span class='ocrx_word' id='word_1_101' title='bbox 467 1070 662 1120; x_wconf 89' lang='lat' dir='ltr'><strong>lautisque</strong></span> <span class='ocrx_word' id='word_1_102' title='bbox 689 1071 792 1120; x_wconf 88' lang='lat' dir='ltr'><strong>regis</strong></span> <span class='ocrx_word' id='word_1_103' title='bbox 821 1070 957 1120; x_wconf 87' lang='lat' dir='ltr'><strong>epulis,</strong></span> <span class='ocrx_word' id='word_1_104' title='bbox 987 1069 1035 1108; x_wconf 89' lang='lat' dir='ltr'><strong>de</strong></span> <span class='ocrx_word' id='word_1_105' title='bbox 1063 1069 1298 1108; x_wconf 89' lang='lat' dir='ltr'><strong>adiumentis</strong></span> <span class='ocrx_word' id='word_1_106' title='bbox 1328 1080 1504 1107; x_wconf 88' lang='lat' dir='ltr'><strong>somnum</strong></span> 
     </span>
     <span class='ocr_line' id='line_1_15' title="bbox 138 1136 1504 1186; baseline -0.001 -10"><span class='ocrx_word' id='word_1_107' title='bbox 138 1137 446 1185; x_wconf 78' lang='lat' dir='ltr'><strong>concitantibus,</strong></span> <span class='ocrx_word' id='word_1_108' title='bbox 488 1137 535 1176; x_wconf 89' lang='lat' dir='ltr'><strong>de</strong></span> <span class='ocrx_word' id='word_1_109' title='bbox 579 1138 681 1176; x_wconf 90' lang='lat' dir='ltr'><strong>sedis</strong></span> <span class='ocrx_word' id='word_1_110' title='bbox 720 1138 931 1177; x_wconf 86' lang='lat' dir='ltr'><strong>mutandae</strong></span> <span class='ocrx_word' id='word_1_111' title='bbox 973 1137 1249 1176; x_wconf 88' lang='lat' dir='ltr'><strong>consuetudine</strong></span> <span class='ocrx_word' id='word_1_112' title='bbox 1289 1136 1504 1186; x_wconf 91' lang='lat' dir='ltr'><strong>Xenophon</strong></span> 
     </span>
     <span class='ocr_line' id='line_1_16' title="bbox 135 1203 1503 1257; baseline -0.001 -13"><span class='ocrx_word' id='word_1_113' title='bbox 135 1205 280 1244; x_wconf 89' lang='lat' dir='ltr'><strong>ibidem</strong></span> <span class='ocrx_word' id='word_1_114' title='bbox 318 1206 510 1255; x_wconf 83' lang='lat' dir='ltr'><strong>copiosius</strong></span> <span class='ocrx_word' id='word_1_115' title='bbox 550 1205 729 1257; x_wconf 39' lang='lat' dir='ltr'><strong>referti-⁹²)</strong></span> <span class='ocrx_word' id='word_1_116' title='bbox 784 1205 870 1244; x_wconf 86' lang='lat' dir='ltr'><strong>Hac</strong></span> <span class='ocrx_word' id='word_1_117' title='bbox 910 1209 1022 1256; x_wconf 88' lang='lat' dir='ltr'><strong>parte</strong></span> <span class='ocrx_word' id='word_1_118' title='bbox 1062 1206 1120 1244; x_wconf 90' lang='lat' dir='ltr'><strong>ita</strong></span> <span class='ocrx_word' id='word_1_119' title='bbox 1154 1204 1335 1243; x_wconf 86' lang='lat' dir='ltr'><strong>absoluta</strong></span> <span class='ocrx_word' id='word_1_120' title='bbox 1361 1203 1452 1242; x_wconf 89' lang='lat' dir='ltr'><strong>inde</strong></span> <span class='ocrx_word' id='word_1_121' title='bbox 1480 1216 1503 1242; x_wconf 89' lang='lat' dir='ltr'><strong>a</strong></span> 
     </span>
     <span class='ocr_line' id='line_1_17' title="bbox 131 1271 1502 1325; baseline -0.004 -11"><span class='ocrx_word' id='word_1_122' title='bbox 131 1276 165 1325; x_wconf 64' lang='grc' dir='ltr'><strong>ξ.</strong></span> <span class='ocrx_word' id='word_1_123' title='bbox 195 1276 229 1314; x_wconf 88' lang='grc'><strong>6.</strong></span> <span class='ocrx_word' id='word_1_124' title='bbox 258 1286 381 1323; x_wconf 85' lang='lat' dir='ltr'><strong>usque</strong></span> <span class='ocrx_word' id='word_1_125' title='bbox 408 1273 460 1312; x_wconf 89' lang='lat' dir='ltr'><strong>ad</strong></span> <span class='ocrx_word' id='word_1_126' title='bbox 485 1272 602 1312; x_wconf 89' lang='lat' dir='ltr'><strong>finem</strong></span> <span class='ocrx_word' id='word_1_127' title='bbox 622 1273 845 1323; x_wconf 83' lang='lat' dir='ltr'><strong>Agesilaum</strong></span> <span class='ocrx_word' id='word_1_128' title='bbox 873 1286 1012 1312; x_wconf 85' lang='lat' dir='ltr'><strong>vanam</strong></span> <span class='ocrx_word' id='word_1_129' title='bbox 1040 1273 1295 1312; x_wconf 87' lang='lat' dir='ltr'><strong>certaminum</strong></span> <span class='ocrx_word' id='word_1_130' title='bbox 1323 1271 1502 1322; x_wconf 91' lang='lat' dir='ltr'><strong>publico-</strong></span> 
     </span>
     <span class='ocr_line' id='line_1_18' title="bbox 132 1341 1505 1392; baseline -0.003 -11"><span class='ocrx_word' id='word_1_131' title='bbox 132 1355 219 1381; x_wconf 91' lang='lat' dir='ltr'><strong>rum</strong></span> <span class='ocrx_word' id='word_1_132' title='bbox 247 1342 412 1392; x_wconf 87' lang='lat' dir='ltr'><strong>gloriam</strong></span> <span class='ocrx_word' id='word_1_133' title='bbox 449 1342 728 1392; x_wconf 87' lang='lat' dir='ltr'><strong>contempsisse</strong></span> <span class='ocrx_word' id='word_1_134' title='bbox 756 1341 1057 1382; x_wconf 80' lang='lat' dir='ltr'><strong>demonstratur.</strong></span> <span class='ocrx_word' id='word_1_135' title='bbox 1115 1341 1190 1381; x_wconf 87' lang='lat' dir='ltr'><strong>Sed</strong></span> <span class='ocrx_word' id='word_1_136' title='bbox 1217 1354 1265 1380; x_wconf 92' lang='lat' dir='ltr'><strong>ne</strong></span> <span class='ocrx_word' id='word_1_137' title='bbox 1291 1341 1389 1380; x_wconf 89' lang='lat' dir='ltr'><strong>haec</strong></span> <span class='ocrx_word' id='word_1_138' title='bbox 1416 1341 1505 1389; x_wconf 87' lang='lat' dir='ltr'><strong>qui-</strong></span> 
     </span>
     <span class='ocr_line' id='line_1_19' title="bbox 133 1409 1504 1460; baseline -0.001 -12"><span class='ocrx_word' id='word_1_139' title='bbox 133 1410 221 1449; x_wconf 86' lang='lat' dir='ltr'><strong>dem</strong></span> <span class='ocrx_word' id='word_1_140' title='bbox 263 1410 465 1460; x_wconf 90' lang='lat' dir='ltr'><strong>scriptoris</strong></span> <span class='ocrx_word' id='word_1_141' title='bbox 512 1411 671 1460; x_wconf 86' lang='lat' dir='ltr'><strong>propria</strong></span> <span class='ocrx_word' id='word_1_142' title='bbox 716 1414 818 1449; x_wconf 88' lang='lat' dir='ltr'><strong>sunt.</strong></span> <span class='ocrx_word' id='word_1_143' title='bbox 896 1410 1089 1460; x_wconf 84' lang='lat' dir='ltr'><strong>Compara</strong></span> <span class='ocrx_word' id='word_1_144' title='bbox 1135 1422 1281 1459; x_wconf 88' lang='lat' dir='ltr'><strong>quaeso</strong></span> <span class='ocrx_word' id='word_1_145' title='bbox 1323 1409 1504 1447; x_wconf 90' lang='lat' dir='ltr'><strong>ultimum</strong></span> 
     </span>
     <span class='ocr_line' id='line_1_20' title="bbox 133 1468 1502 1529; baseline -0.001 -13"><span class='ocrx_word' id='word_1_146' title='bbox 133 1478 314 1517; x_wconf 88' lang='lat' dir='ltr'><strong>Hieronis</strong></span> <span class='ocrx_word' id='word_1_147' title='bbox 355 1482 489 1528; x_wconf 87' lang='lat' dir='ltr'><strong>caput,</strong></span> <span class='ocrx_word' id='word_1_148' title='bbox 531 1468 742 1528; x_wconf 78' lang='lat' dir='ltr'><strong>praecipue</strong></span> <span class='ocrx_word' id='word_1_149' title='bbox 770 1479 824 1529; x_wconf 59' lang='grc' dir='ltr'><strong>ἐξ.</strong></span> <span class='ocrx_word' id='word_1_150' title='bbox 865 1480 899 1516; x_wconf 94' lang='grc'><strong>6.</strong></span> <span class='ocrx_word' id='word_1_151' title='bbox 940 1482 974 1518; x_wconf 86' lang='lat'><strong>7.</strong></span> <span class='ocrx_word' id='word_1_152' title='bbox 1017 1479 1191 1525; x_wconf 76' lang='lat'><strong>13-15,‚</strong></span> <span class='ocrx_word' id='word_1_153' title='bbox 1229 1478 1308 1516; x_wconf 89' lang='lat' dir='ltr'><strong>iam</strong></span> <span class='ocrx_word' id='word_1_154' title='bbox 1344 1475 1502 1524; x_wconf 89' lang='lat' dir='ltr'><strong>videbis,</strong></span> 
     </span>
     <span class='ocr_line' id='line_1_21' title="bbox 133 1545 1146 1597; baseline -0.001 -12"><span class='ocrx_word' id='word_1_155' title='bbox 133 1559 252 1595; x_wconf 88' lang='lat' dir='ltr'><strong>quam</strong></span> <span class='ocrx_word' id='word_1_156' title='bbox 279 1545 404 1584; x_wconf 88' lang='lat' dir='ltr'><strong>multa</strong></span> <span class='ocrx_word' id='word_1_157' title='bbox 423 1546 656 1596; x_wconf 89' lang='lat' dir='ltr'><strong>compilator</strong></span> <span class='ocrx_word' id='word_1_158' title='bbox 674 1545 921 1596; x_wconf 89' lang='lat' dir='ltr'><strong>Xenophonti</strong></span> <span class='ocrx_word' id='word_1_159' title='bbox 948 1546 1146 1597; x_wconf 87' lang='lat' dir='ltr'><strong>eripuerit.</strong></span> 
     </span>
    </p>
   </div>
   <div class='ocr_carea' id='block_1_5' title="bbox 133 1641 1538 2302">
    <p class='ocr_par' dir='ltr' id='par_1_5' title="bbox 133 1641 1538 2302">
     <span class='ocr_line' id='line_1_22' title="bbox 260 1641 1503 1695; baseline -0.003 -11"><span class='ocrx_word' id='word_1_160' title='bbox 260 1644 354 1695; x_wconf 88' lang='lat' dir='ltr'><strong>Cap.</strong></span> <span class='ocrx_word' id='word_1_161' title='bbox 383 1644 428 1683; x_wconf 90' lang='lat' dir='ltr'><strong>X.</strong></span> <span class='ocrx_word' id='word_1_162' title='bbox 474 1644 602 1692; x_wconf 90' lang='lat' dir='ltr'><strong>Quum</strong></span> <span class='ocrx_word' id='word_1_163' title='bbox 641 1644 737 1683; x_wconf 92' lang='lat' dir='ltr'><strong>nihil</strong></span> <span class='ocrx_word' id='word_1_164' title='bbox 772 1644 852 1684; x_wconf 85' lang='lat' dir='ltr'><strong>fere</strong></span> <span class='ocrx_word' id='word_1_165' title='bbox 887 1645 975 1683; x_wconf 84' lang='lat' dir='ltr'><strong>novi</strong></span> <span class='ocrx_word' id='word_1_166' title='bbox 1003 1644 1051 1684; x_wconf 91' lang='lat' dir='ltr'><strong>de</strong></span> <span class='ocrx_word' id='word_1_167' title='bbox 1079 1643 1260 1694; x_wconf 87' lang='lat' dir='ltr'><strong>Agesilao</strong></span> <span class='ocrx_word' id='word_1_168' title='bbox 1287 1643 1351 1681; x_wconf 90' lang='lat' dir='ltr'><strong>hic</strong></span> <span class='ocrx_word' id='word_1_169' title='bbox 1377 1641 1503 1693; x_wconf 84' lang='lat' dir='ltr'><strong>profe-</strong></span> 
     </span>
     <span class='ocr_line' id='line_1_23' title="bbox 134 1707 1538 1761; baseline -0.002 -11"><span class='ocrx_word' id='word_1_170' title='bbox 134 1715 256 1759; x_wconf 84' lang='lat' dir='ltr'><strong>ratur,</strong></span> <span class='ocrx_word' id='word_1_171' title='bbox 286 1712 427 1750; x_wconf 88' lang='lat' dir='ltr'><strong>mirum</strong></span> <span class='ocrx_word' id='word_1_172' title='bbox 454 1725 531 1750; x_wconf 90' lang='lat' dir='ltr'><strong>non</strong></span> <span class='ocrx_word' id='word_1_173' title='bbox 559 1716 631 1760; x_wconf 88' lang='lat' dir='ltr'><strong>est,</strong></span> <span class='ocrx_word' id='word_1_174' title='bbox 659 1712 764 1761; x_wconf 93' lang='lat' dir='ltr'><strong>quod</strong></span> <span class='ocrx_word' id='word_1_175' title='bbox 790 1715 948 1761; x_wconf 84' lang='lat' dir='ltr'><strong>praeter</strong></span> <span class='ocrx_word' id='word_1_176' title='bbox 964 1713 1181 1751; x_wconf 88' lang='lat' dir='ltr'><strong>locutiones</strong></span> <span class='ocrx_word' id='word_1_177' title='bbox 1197 1711 1385 1761; x_wconf 81' lang='lat' dir='ltr'><strong>quasdam</strong></span> <span class='ocrx_word' id='word_1_178' title='bbox 1405 1710 1502 1749; x_wconf 91' lang='lat' dir='ltr'><strong>nihil</strong></span> <span class='ocrx_word' id='word_1_179' title='bbox 1535 1707 1538 1711; x_wconf 75' lang='grc'><strong>’</strong></span> 
     </span>
     <span class='ocr_line' id='line_1_24' title="bbox 135 1778 1500 1830; baseline 0 -14"><span class='ocrx_word' id='word_1_180' title='bbox 135 1791 182 1816; x_wconf 88' lang='lat' dir='ltr'><strong>ex</strong></span> <span class='ocrx_word' id='word_1_181' title='bbox 218 1778 509 1829; x_wconf 89' lang='lat' dir='ltr'><strong>Xenophonteis</strong></span> <span class='ocrx_word' id='word_1_182' title='bbox 543 1778 653 1817; x_wconf 89' lang='lat' dir='ltr'><strong>libris</strong></span> <span class='ocrx_word' id='word_1_183' title='bbox 689 1778 872 1818; x_wconf 83' lang='lat' dir='ltr'><strong>laudator</strong></span> <span class='ocrx_word' id='word_1_184' title='bbox 905 1779 1134 1830; x_wconf 85' lang='lat' dir='ltr'><strong>desumpsit.</strong></span> <span class='ocrx_word' id='word_1_185' title='bbox 1192 1779 1245 1818; x_wconf 94' lang='lat' dir='ltr'><strong>Ut</strong></span> <span class='ocrx_word' id='word_1_186' title='bbox 1272 1783 1424 1817; x_wconf 89' lang='lat' dir='ltr'><strong>taceam</strong></span> <span class='ocrx_word' id='word_1_187' title='bbox 1453 1778 1500 1816; x_wconf 90' lang='lat' dir='ltr'><strong>de</strong></span> 
     </span>
     <span class='ocr_line' id='line_1_25' title="bbox 133 1845 1501 1897; baseline -0.001 -13"><span class='ocrx_word' id='word_1_188' title='bbox 133 1846 230 1884; x_wconf 87' lang='lat' dir='ltr'><strong>locis</strong></span> <span class='ocrx_word' id='word_1_189' title='bbox 246 1845 557 1885; x_wconf 86' lang='lat' dir='ltr'><strong>Memorabilium</strong></span> <span class='ocrx_word' id='word_1_190' title='bbox 584 1847 613 1884; x_wconf 90' lang='grc' dir='ltr'><strong>Ι.</strong></span> <span class='ocrx_word' id='word_1_191' title='bbox 644 1848 678 1885; x_wconf 89' lang='lat'><strong>2.</strong></span> <span class='ocrx_word' id='word_1_192' title='bbox 708 1849 744 1887; x_wconf 88' lang='lat'><strong>2.</strong></span> <span class='ocrx_word' id='word_1_193' title='bbox 772 1851 812 1886; x_wconf 90' lang='lat' dir='ltr'><strong>et</strong></span> <span class='ocrx_word' id='word_1_194' title='bbox 843 1850 923 1896; x_wconf 91' lang='lat'><strong>19.‚</strong></span> <span class='ocrx_word' id='word_1_195' title='bbox 953 1847 1124 1886; x_wconf 88' lang='lat' dir='ltr'><strong>Socratis</strong></span> <span class='ocrx_word' id='word_1_196' title='bbox 1152 1851 1192 1886; x_wconf 86' lang='lat' dir='ltr'><strong>et</strong></span> <span class='ocrx_word' id='word_1_197' title='bbox 1220 1846 1310 1897; x_wconf 83' lang='lat' dir='ltr'><strong>Cyri</strong></span> <span class='ocrx_word' id='word_1_198' title='bbox 1343 1846 1501 1884; x_wconf 88' lang='lat' dir='ltr'><strong>maioris</strong></span> 
     </span>
     <span class='ocr_line' id='line_1_26' title="bbox 134 1911 1502 1967; baseline -0.001 -15"><span class='ocrx_word' id='word_1_199' title='bbox 134 1926 331 1953; x_wconf 88' lang='lat' dir='ltr'><strong>sermones</strong></span> <span class='ocrx_word' id='word_1_200' title='bbox 365 1918 456 1953; x_wconf 88' lang='lat' dir='ltr'><strong>ante</strong></span> <span class='ocrx_word' id='word_1_201' title='bbox 495 1918 660 1964; x_wconf 83' lang='lat' dir='ltr'><strong>mortem</strong></span> <span class='ocrx_word' id='word_1_202' title='bbox 692 1914 847 1954; x_wconf 84' lang='lat' dir='ltr'><strong>habitos</strong></span> <span class='ocrx_word' id='word_1_203' title='bbox 861 1915 893 1967; x_wconf 79' lang='lat'><strong>⁴)</strong></span> <span class='ocrx_word' id='word_1_204' title='bbox 928 1915 1220 1965; x_wconf 86' lang='lat' dir='ltr'><strong>comparatione</strong></span> <span class='ocrx_word' id='word_1_205' title='bbox 1254 1914 1391 1964; x_wconf 81' lang='lat' dir='ltr'><strong>dignos</strong></span> <span class='ocrx_word' id='word_1_206' title='bbox 1419 1911 1502 1952; x_wconf 84' lang='lat' dir='ltr'><strong>esse</strong></span> 
     </span>
     <span class='ocr_line' id='line_1_27' title="bbox 135 1978 1503 2029; baseline -0.001 -10"><span class='ocrx_word' id='word_1_207' title='bbox 135 1993 284 2020; x_wconf 87' lang='lat' dir='ltr'><strong>censeo.</strong></span> <span class='ocrx_word' id='word_1_208' title='bbox 351 1981 422 2020; x_wconf 91' lang='lat' dir='ltr'><strong>Ille</strong></span> <span class='ocrx_word' id='word_1_209' title='bbox 462 1982 583 2029; x_wconf 91' lang='lat' dir='ltr'><strong>enim,</strong></span> <span class='ocrx_word' id='word_1_210' title='bbox 626 1982 754 2021; x_wconf 89' lang='lat' dir='ltr'><strong>missis</strong></span> <span class='ocrx_word' id='word_1_211' title='bbox 787 1983 893 2029; x_wconf 89' lang='lat' dir='ltr'><strong>aliis,</strong></span> <span class='ocrx_word' id='word_1_212' title='bbox 928 1983 1083 2022; x_wconf 87' lang='lat' dir='ltr'><strong>locutus</strong></span> <span class='ocrx_word' id='word_1_213' title='bbox 1117 1985 1178 2021; x_wconf 90' lang='lat' dir='ltr'><strong>est</strong></span> <span class='ocrx_word' id='word_1_214' title='bbox 1211 1981 1332 2020; x_wconf 87' lang='lat' dir='ltr'><strong>haec:</strong></span> <span class='ocrx_word' id='word_1_215' title='bbox 1370 1979 1418 2019; x_wconf 80' lang='grc' dir='ltr'><strong><em>σύ</em></strong></span> <span class='ocrx_word' id='word_1_216' title='bbox 1460 1978 1503 2018; x_wconf 83' lang='grc' dir='ltr'><strong>δὲ</strong></span> 
     </span>
     <span class='ocr_line' id='line_1_28' title="bbox 135 2043 1502 2102; baseline 0 -17"><span class='ocrx_word' id='word_1_217' title='bbox 135 2045 224 2086; x_wconf 82' lang='grc' dir='ltr'><strong><em>εἰπὲ</em></strong></span> <span class='ocrx_word' id='word_1_218' title='bbox 251 2048 289 2086; x_wconf 82' lang='grc' dir='ltr'><strong>εἲ</strong></span> <span class='ocrx_word' id='word_1_219' title='bbox 313 2061 399 2086; x_wconf 84' lang='grc' dir='ltr'><em>τινα</em></span> <span class='ocrx_word' id='word_1_220' title='bbox 426 2043 545 2088; x_wconf 82' lang='grc' dir='ltr'><em>οἶσθα</em></span> <span class='ocrx_word' id='word_1_221' title='bbox 574 2045 638 2087; x_wconf 77' lang='grc' dir='ltr'><strong>ὑπ’</strong></span> <span class='ocrx_word' id='word_1_222' title='bbox 658 2047 756 2098; x_wconf 81' lang='grc' dir='ltr'><em>ἐμοῦ</em></span> <span class='ocrx_word' id='word_1_223' title='bbox 781 2048 1026 2102; x_wconf 80' lang='grc' dir='ltr'><em>γεγενημένον</em></span> <span class='ocrx_word' id='word_1_224' title='bbox 1046 2046 1070 2102; x_wconf 79' lang='grc' dir='ltr'>ἢ</span> <span class='ocrx_word' id='word_1_225' title='bbox 1089 2048 1132 2098; x_wconf 81' lang='grc' dir='ltr'><strong>ἐξ</strong></span> <span class='ocrx_word' id='word_1_226' title='bbox 1149 2046 1333 2099; x_wconf 83' lang='grc' dir='ltr'><em>εὐσεβοῦς</em></span> <span class='ocrx_word' id='word_1_227' title='bbox 1347 2044 1502 2087; x_wconf 80' lang='grc' dir='ltr'><em>ἀνόσιον</em></span> 
     </span>
     <span class='ocr_line' id='line_1_29' title="bbox 134 2112 1497 2168; baseline -0.001 -15"><span class='ocrx_word' id='word_1_228' title='bbox 134 2112 159 2166; x_wconf 79' lang='grc' dir='ltr'>ἢ</span> <span class='ocrx_word' id='word_1_229' title='bbox 186 2114 229 2153; x_wconf 81' lang='grc' dir='ltr'><strong>ἐκ</strong></span> <span class='ocrx_word' id='word_1_230' title='bbox 254 2112 455 2168; x_wconf 84' lang='grc' dir='ltr'><em>σώφρονος</em></span> <span class='ocrx_word' id='word_1_231' title='bbox 469 2116 649 2168; x_wconf 68' lang='grc' dir='ltr'><em>ὑβριστὴν</em></span> <span class='ocrx_word' id='word_1_232' title='bbox 671 2132 705 2156; x_wconf 87' lang='grc' dir='ltr'><strong>κ.</strong></span> <span class='ocrx_word' id='word_1_233' title='bbox 723 2130 756 2155; x_wconf 83' lang='grc' dir='ltr'><strong>τ.</strong></span> <span class='ocrx_word' id='word_1_234' title='bbox 773 2117 819 2166; x_wconf 54' lang='lat' dir='ltr'><strong>A„</strong></span> <span class='ocrx_word' id='word_1_235' title='bbox 849 2131 949 2167; x_wconf 85' lang='lat' dir='ltr'><strong>quae</strong></span> <span class='ocrx_word' id='word_1_236' title='bbox 977 2117 1217 2156; x_wconf 89' lang='lat' dir='ltr'><strong>laudationis</strong></span> <span class='ocrx_word' id='word_1_237' title='bbox 1243 2118 1276 2167; x_wconf 64' lang='grc' dir='ltr'><strong>ξ.</strong></span> <span class='ocrx_word' id='word_1_238' title='bbox 1306 2118 1340 2153; x_wconf 87' lang='grc'><strong>2.</strong></span> <span class='ocrx_word' id='word_1_239' title='bbox 1370 2115 1497 2153; x_wconf 85' lang='lat' dir='ltr'><strong>verbis</strong></span> 
     </span>
     <span class='ocr_line' id='line_1_30' title="bbox 134 2183 1501 2235; baseline -0.001 -14"><span class='ocrx_word' id='word_1_240' title='bbox 134 2183 332 2222; x_wconf 88' lang='lat' dir='ltr'><strong>simillima</strong></span> <span class='ocrx_word' id='word_1_241' title='bbox 361 2187 462 2223; x_wconf 87' lang='lat' dir='ltr'><strong>sunt.</strong></span> <span class='ocrx_word' id='word_1_242' title='bbox 517 2184 592 2222; x_wconf 89' lang='lat' dir='ltr'><strong>Hic</strong></span> <span class='ocrx_word' id='word_1_243' title='bbox 627 2185 755 2234; x_wconf 85' lang='lat' dir='ltr'><strong>qualis</strong></span> <span class='ocrx_word' id='word_1_244' title='bbox 780 2184 899 2224; x_wconf 88' lang='lat' dir='ltr'><strong>fuerit</strong></span> <span class='ocrx_word' id='word_1_245' title='bbox 925 2189 965 2224; x_wconf 90' lang='lat' dir='ltr'><strong>et</strong></span> <span class='ocrx_word' id='word_1_246' title='bbox 991 2197 1088 2235; x_wconf 90' lang='lat' dir='ltr'><strong>puer</strong></span> <span class='ocrx_word' id='word_1_247' title='bbox 1115 2188 1155 2223; x_wconf 92' lang='lat' dir='ltr'><strong>et</strong></span> <span class='ocrx_word' id='word_1_248' title='bbox 1180 2183 1329 2223; x_wconf 83' lang='lat' dir='ltr'><strong>iuvenis</strong></span> <span class='ocrx_word' id='word_1_249' title='bbox 1357 2186 1396 2221; x_wconf 89' lang='lat' dir='ltr'><strong>et</strong></span> <span class='ocrx_word' id='word_1_250' title='bbox 1422 2194 1501 2230; x_wconf 83' lang='lat' dir='ltr'><strong>rex,</strong></span> 
     </span>
     <span class='ocr_line' id='line_1_31' title="bbox 134 2248 1502 2302; baseline 0 -15"><span class='ocrx_word' id='word_1_251' title='bbox 134 2249 305 2289; x_wconf 88' lang='lat' dir='ltr'><strong>breviter</strong></span> <span class='ocrx_word' id='word_1_252' title='bbox 337 2251 452 2299; x_wconf 87' lang='lat' dir='ltr'><strong>dicit,</strong></span> <span class='ocrx_word' id='word_1_253' title='bbox 487 2255 572 2290; x_wconf 87' lang='lat' dir='ltr'><strong>tum</strong></span> <span class='ocrx_word' id='word_1_254' title='bbox 608 2253 827 2302; x_wconf 82' lang='lat' dir='ltr'><strong>interrogat</strong></span> <span class='ocrx_word' id='word_1_255' title='bbox 853 2253 930 2291; x_wconf 89' lang='lat' dir='ltr'><strong>ita:</strong></span> <span class='ocrx_word' id='word_1_256' title='bbox 964 2255 1050 2297; x_wconf 83' lang='grc' dir='ltr'><strong>πῶς</strong></span> <span class='ocrx_word' id='word_1_257' title='bbox 1074 2248 1143 2290; x_wconf 81' lang='grc' dir='ltr'><strong>οὐκ</strong></span> <span class='ocrx_word' id='word_1_258' title='bbox 1170 2248 1218 2290; x_wconf 73' lang='grc' dir='ltr'><strong>ἂν</strong></span> <span class='ocrx_word' id='word_1_259' title='bbox 1243 2249 1318 2300; x_wconf 76' lang='grc' dir='ltr'><strong>ἐγώ</strong></span> <span class='ocrx_word' id='word_1_260' title='bbox 1346 2249 1502 2294; x_wconf 81' lang='grc' dir='ltr'><strong><em>δικαίως</em></strong></span> 
     </span>
    </p>
   </div>
   <div class='ocr_carea' id='block_1_6' title="bbox 135 2368 381 2373">
    <p class='ocr_par' dir='ltr' id='par_1_6' title="bbox 135 2368 381 2373">
     <span class='ocr_line' id='line_1_32' title="bbox 135 2368 381 2373; baseline 0 0"><span class='ocrx_word' id='word_1_261' title='bbox 135 2368 381 2373; x_wconf 95' lang='lat' dir='ltr'><strong> </strong></span> 
     </span>
    </p>
   </div>
   <div class='ocr_carea' id='block_1_7' title="bbox 257 2429 1113 2641">
    <p class='ocr_par' dir='ltr' id='par_1_7' title="bbox 261 2429 594 2471">
     <span class='ocr_line' id='line_1_33' title="bbox 261 2429 594 2471; baseline 0.006 -10"><span class='ocrx_word' id='word_1_262' title='bbox 261 2432 286 2467; x_wconf 83' lang='grc'><strong>1)</strong></span> <span class='ocrx_word' id='word_1_263' title='bbox 310 2429 358 2463; x_wconf 85' lang='lat' dir='ltr'><strong>Cf.</strong></span> <span class='ocrx_word' id='word_1_264' title='bbox 381 2430 521 2471; x_wconf 80' lang='lat' dir='ltr'><strong>Apolog.</strong></span> <span class='ocrx_word' id='word_1_265' title='bbox 544 2430 594 2463; x_wconf 88' lang='grc'><strong>16.</strong></span> 
     </span>
    </p>

    <p class='ocr_par' dir='ltr' id='par_1_8' title="bbox 258 2486 1032 2528">
     <span class='ocr_line' id='line_1_34' title="bbox 258 2486 1032 2528; baseline 0.004 -10"><span class='ocrx_word' id='word_1_266' title='bbox 258 2488 286 2528; x_wconf 85' lang='lat'><strong>²)</strong></span> <span class='ocrx_word' id='word_1_267' title='bbox 308 2486 426 2528; x_wconf 85' lang='lat' dir='ltr'><strong>Cyrop.</strong></span> <span class='ocrx_word' id='word_1_268' title='bbox 447 2486 518 2518; x_wconf 92' lang='lat' dir='ltr'><strong>VII.</strong></span> <span class='ocrx_word' id='word_1_269' title='bbox 542 2488 571 2518; x_wconf 89' lang='lat'><strong>5.</strong></span> <span class='ocrx_word' id='word_1_270' title='bbox 594 2486 645 2520; x_wconf 85' lang='lat'><strong>37.</strong></span> <span class='ocrx_word' id='word_1_271' title='bbox 666 2487 800 2521; x_wconf 77' lang='lat'>41-42,</span> <span class='ocrx_word' id='word_1_272' title='bbox 822 2486 909 2520; x_wconf 83' lang='lat' dir='ltr'><strong>VIII.</strong></span> <span class='ocrx_word' id='word_1_273' title='bbox 932 2488 958 2519; x_wconf 93' lang='lat'><strong>1.</strong></span> <span class='ocrx_word' id='word_1_274' title='bbox 980 2487 1032 2521; x_wconf 82' lang='lat'><strong>45.</strong></span> 
     </span>
    </p>

    <p class='ocr_par' dir='ltr' id='par_1_9' title="bbox 257 2544 1113 2641">
     <span class='ocr_line' id='line_1_35' title="bbox 257 2544 1113 2585; baseline 0.002 -10"><span class='ocrx_word' id='word_1_275' title='bbox 257 2545 286 2584; x_wconf 78' lang='lat'><strong>³)</strong></span> <span class='ocrx_word' id='word_1_276' title='bbox 308 2544 424 2585; x_wconf 85' lang='lat' dir='ltr'><strong>Cyrop.</strong></span> <span class='ocrx_word' id='word_1_277' title='bbox 447 2544 535 2576; x_wconf 90' lang='lat' dir='ltr'><strong>VIII.</strong></span> <span class='ocrx_word' id='word_1_278' title='bbox 558 2545 587 2577; x_wconf 78' lang='lat'><strong>2.</strong></span> <span class='ocrx_word' id='word_1_279' title='bbox 609 2546 629 2575; x_wconf 85' lang='lat'>5</span> <span class='ocrx_word' id='word_1_280' title='bbox 664 2544 755 2577; x_wconf 86' lang='lat' dir='ltr'><strong>VIII.</strong></span> <span class='ocrx_word' id='word_1_281' title='bbox 776 2545 807 2577; x_wconf 84' lang='lat'><strong>8.</strong></span> <span class='ocrx_word' id='word_1_282' title='bbox 830 2546 878 2578; x_wconf 84' lang='lat'><strong>16.</strong></span> <span class='ocrx_word' id='word_1_283' title='bbox 902 2544 988 2578; x_wconf 88' lang='lat' dir='ltr'><strong>VIII.</strong></span> <span class='ocrx_word' id='word_1_284' title='bbox 1010 2545 1039 2578; x_wconf 83' lang='lat'><strong>6.</strong></span> <span class='ocrx_word' id='word_1_285' title='bbox 1063 2546 1113 2577; x_wconf 75' lang='lat'><strong>22.</strong></span> 
     </span>
     <span class='ocr_line' id='line_1_36' title="bbox 259 2599 895 2641; baseline 0.005 -11"><span class='ocrx_word' id='word_1_286' title='bbox 259 2604 287 2639; x_wconf 69' lang='lat'><strong>⁴)</strong></span> <span class='ocrx_word' id='word_1_287' title='bbox 313 2599 360 2632; x_wconf 83' lang='lat' dir='ltr'><strong>Cf.</strong></span> <span class='ocrx_word' id='word_1_288' title='bbox 384 2600 519 2641; x_wconf 84' lang='lat' dir='ltr'><strong>Apolog.</strong></span> <span class='ocrx_word' id='word_1_289' title='bbox 548 2602 593 2632; x_wconf 83' lang='lat'><strong>19.</strong></span> <span class='ocrx_word' id='word_1_290' title='bbox 616 2600 731 2641; x_wconf 84' lang='lat' dir='ltr'><strong>Cyrop.</strong></span> <span class='ocrx_word' id='word_1_291' title='bbox 756 2601 843 2633; x_wconf 87' lang='lat' dir='ltr'><strong>VIII.</strong></span> <span class='ocrx_word' id='word_1_292' title='bbox 866 2601 895 2633; x_wconf 79' lang='lat'><strong>7.</strong></span> 
     </span>
    </p>
   </div>
  </div>
 </body>
</html>
