1641 2866
781 140 830 177 12

120 264 343 302 continetur
370 264 648 312 testimonium,
676 266 782 303 recte
811 264 876 302 ille
905 263 1117 313 assignavit
1132 263 1175 314 ¹).
1223 264 1483 312 Argumentis,

122 328 223 380 quae
250 331 291 369 in
317 331 602 382 prolegomenis
622 331 821 370 Schottius
848 331 996 379 attulit,
1025 331 1144 370 etiam
1171 330 1213 370 id
1240 331 1386 381 optimo
1400 332 1485 370 iure

121 399 292 446 additur,
321 399 426 448 quod.
452 400 539 449 ipsa
574 400 744 438 nominis
781 401 907 438 otiosa
934 399 1134 449 repetitio:
1189 398 1278 447 ,,καὶ
1303 397 1487 452 Ξενοφῶν

122 465 184 504 δὲ“
204 496 213 514 ,
256 465 341 514 „nal
381 468 491 518 παρὰ
525 468 582 517 τῷ
607 466 854 519 Ξενοφῶντι“
882 466 988 505 haud
1015 465 1222 505 obscurum
1249 469 1311 506 est
1337 465 1486 507 fraudis

124 533 384 586 vestigium).

246 601 353 648 Quae
399 602 432 640 si
478 605 584 640 recte
622 600 824 652 disputata
859 605 969 650 sunt,
1009 601 1127 641 verba
1159 602 1376 641 testimonii
1409 615 1486 641 non

122 668 317 720 Dionysii,
359 669 565 710 clarissimi
597 669 702 709 illius
739 669 888 719 critici,
931 670 999 710 sed
1032 670 1162 721 potius
1194 669 1361 709 hominis
1396 673 1488 709 sunt

121 750 284 788 prorsus
301 739 427 789 ignoti
446 739 695 789 eiusdemque
712 738 876 788 falsarii,
896 740 959 778 cui
979 739 1093 790 plane
1114 738 1306 778 confidere
1319 738 1488 790 pruden-

121 808 174 846 tis
214 820 297 846 esse
326 807 412 856 quis
440 811 500 846 est
528 808 595 857 qui
623 807 847 845 existimet?
881 807 953 845 His
980 819 1083 847 nunc
1110 805 1209 845 illud
1237 819 1390 857 quoque
1417 806 1487 846 ad-

121 875 238 914 iicere
273 875 368 914 mihi
403 873 538 913 licebit
553 905 562 923 ,
600 874 751 913 nullum
785 874 906 913 alium
933 874 1038 925 apud
1066 874 1295 924 Dionysium
1321 873 1486 925 reperiri

121 943 270 991 locum,
313 942 381 980 ubi
414 942 652 981 laudationis
680 945 840 981 nostrae
867 943 1012 981 mentio
1040 941 1145 980 facta
1175 944 1238 983 sit.
1284 942 1368 981 Hoc
1396 954 1486 980 vero

123 1010 250 1060 ipsum
288 1011 371 1049 eius
406 1010 603 1049 silentium
640 1010 790 1061 aliquid
821 1011 1004 1062 ponderis
1035 1011 1179 1051 habere
1206 1014 1315 1062 puto.
1370 1009 1489 1049 Aliud

123 1078 280 1127 quidem
322 1081 381 1116 est
418 1092 495 1117 non
537 1079 709 1126 laudari,
754 1079 863 1117 aliud
897 1080 1071 1129 ignorari
1098 1079 1155 1117 vel
1184 1092 1255 1129 pro
1283 1077 1487 1116 subdititio

122 1145 257 1184 haberi
296 1158 421 1196 neque
464 1147 621 1185 omnino
660 1149 838 1193 constat,
876 1146 970 1197 quid
1011 1147 1250 1197 ignorationi
1285 1144 1486 1194 debeatur,

122 1214 215 1263 quid
251 1215 407 1253 scientis
443 1215 621 1262 silentio,
663 1216 804 1253 mirum
837 1219 969 1254 tamen
1003 1216 1169 1254 maxime
1204 1214 1297 1254 mihi
1331 1214 1488 1264 quidem

123 1282 290 1328 videtur,
320 1281 424 1331 quod
445 1281 664 1331 Dionysius,
694 1283 760 1331 qui
782 1286 932 1321 ceteros
950 1295 1038 1320 vere
1054 1278 1354 1332 Xenophonteos
1368 1281 1489 1320 libros

126 1350 352 1399 saepissime
380 1353 591 1397 memorat,
620 1349 667 1388 de
694 1350 768 1388 hoc
794 1351 879 1399 ipso
905 1350 1054 1398 libello,
1083 1350 1278 1388 uberrimo
1307 1351 1489 1388 nimirum

122 1416 240 1464 fonte,
268 1420 386 1456 tacet.

249 1485 324 1524 Sed
350 1486 430 1524 iam
457 1498 603 1533 vereor,
631 1498 679 1524 ne
707 1485 823 1524 nimis
849 1486 973 1525 multa
1000 1485 1118 1524 verba
1134 1486 1181 1525 de
1202 1486 1287 1525 loco
1297 1485 1489 1535 Dionysio

123 1553 325 1603 supposito
341 1552 477 1591 fecisse
491 1553 636 1601 videar,
653 1553 757 1602 quod
773 1554 838 1602 qui
854 1555 1218 1593 commentationem
1229 1553 1329 1592 hanc
1343 1553 1490 1602 legunt,

125 1622 220 1659 mihi
258 1620 478 1672 condonent
511 1621 638 1661 velim.
693 1622 896 1671 Agendum
925 1623 1026 1660 enim
1055 1613 1139 1661 erat
1166 1621 1213 1660 de
1242 1622 1344 1667 viro,
1380 1621 1490 1659 cuius

124 1688 349 1738 diligentia,
391 1688 588 1736 doctrina,
623 1688 756 1727 iudicii
790 1690 1034 1739 praestantia
1057 1702 1257 1739 nunquam
1285 1689 1381 1727 satis
1408 1688 1491 1727 lau-

125 1746 280 1796 dantur.
340 1757 452 1795 Nunc
491 1756 539 1795 de
575 1755 647 1804 iis,
693 1756 761 1807 qui
802 1760 976 1805 restant,
1016 1756 1207 1805 testibus,
1250 1769 1295 1795 eo
1336 1755 1492 1795 brevius

125 1824 324 1863 disseram.

252 1893 365 1939 Quod
391 1894 438 1932 de
461 1894 641 1933 Cornelio
669 1906 787 1943 supra
814 1893 992 1942 diximus,
1020 1893 1122 1931 idem
1141 1893 1221 1931 fere
1241 1893 1370 1930 valere
1390 1891 1493 1929 vide-

124 1964 190 1999 tur
218 1960 265 1999 de
285 1961 538 2009 Themisthio,
569 1962 635 2011 qui
660 1961 956 2012 Xenophontem
985 1961 1123 1999 acerbe
1150 1962 1206 1999 ita
1224 1958 1490 2010 reprehendit:
1536 1986 1542 1991 -

130 2025 376 2079 ,,Ἀγησίλαον
404 2027 447 2066 δὲ
481 2024 570 2066 οἶδα
591 2028 657 2066 τὸν
681 2028 843 2077 βασιλέα
868 2032 939 2079 τῆς
964 2026 1149 2080 Σπάρτης
1176 2023 1237 2065 ὅτι
1262 2026 1444 2079 Ξενοφῶν
1471 2024 1492 2063 ὁ

125 2092 354 2149 Σωκράτους
381 2095 565 2151 ὁμιλητὴς
595 2092 662 2136 οὐκ
688 2092 799 2137 ὄκνει
826 2094 998 2137 ἐπαινεῖν
1023 2095 1088 2136 καὶ
1106 2093 1344 2147 ἀμείβεσθαι
1358 2083 1495 2149 μακρῷ

123 2165 282 2215 βιβλίῳ,
321 2164 458 2216 ἐπειδὴ
492 2163 597 2215 αὐτῷ
623 2167 812 2214 νέμεσθαι
849 2163 1089 2218 διεπράξατο
1115 2165 1255 2217 χωρίον
1281 2179 1320 2203 τι
1345 2164 1494 2214 μεταξὺ

118 2228 283 2280 ’Ὴλιὸος
315 2232 378 2273 καὶ
403 2229 628 2287 Ἀρκαδίας,
657 2230 702 2272 οὐ
730 2230 867 2288 πόρῥω
893 2232 1141 2280 Σκιλλοῦντος
1168 2230 1208 2272 ἐν
1233 2235 1281 2286 τῇ
1307 2235 1442 2287 φυγῇ.“
1461 2233 1492 2286 ³)

126 2303 172 2339 In
199 2303 259 2340 his
287 2303 390 2340 enim
418 2303 555 2351 opinor
574 2301 702 2340 verbis
721 2315 845 2350 aeque
866 2302 1026 2340 dubium
1050 2306 1120 2348 est,
1146 2306 1277 2339 utrum
1296 2302 1347 2340 ad
1367 2302 1495 2340 Helle-

216 2472 241 2509 1)
264 2470 386 2500 Schott.
411 2470 555 2509 prolegg.
577 2470 693 2501 XLIV.

213 2535 241 2572 2)
266 2527 378 2576 Τέχνη
406 2528 565 2575 ῥητορική
589 2543 620 2574 p.
643 2532 713 2564 ⁶251.
738 2531 787 2565 ed.
811 2531 937 2566 Schott.
960 2542 989 2564 n.
1017 2519 1086 2566 170.

212 2593 239 2629 3)
263 2590 311 2621 Cf.
335 2594 429 2622 oratt.
454 2591 484 2620 11
518 2591 536 2628 ξ
571 2589 620 2619 27.
645 2589 674 2620 d.
698 2590 772 2620 edit.
796 2589 944 2620 Dindorf.
