1641 2866
789 190 836 233 19

130 321 261 370 capita
294 333 319 358 a
353 318 513 358 librario
540 320 673 369 aliquo
700 320 812 359 valde
840 323 1024 369 corrupta
1051 331 1146 366 esse,
1173 318 1242 357 sed
1266 318 1309 357 in
1333 317 1486 367 reliqua

129 390 255 439 parte,
283 386 315 424 si
341 398 461 425 unum
488 385 580 424 libri
606 386 765 426 secundi
792 376 920 437 caput*
937 385 1098 425 tertium
1121 384 1329 436 exceperis,
1357 383 1486 424 omnia

127 456 225 494 bene
251 453 371 492 fluere
399 457 439 491 et
464 454 498 491 si
525 454 621 502 quid
648 454 869 493 offensionis
890 454 953 501 sit,
980 453 1022 492 id
1039 465 1182 502 genere
1194 465 1272 491 non
1289 451 1487 490 diversum

129 533 214 562 esse
240 519 289 560 ab
316 521 364 560 iis
420 519 730 570 difficultatibus,
758 533 858 572 quae
886 521 1003 560 etiam
1030 521 1071 560 in
1097 519 1359 570 integerrimis
1386 519 1486 559 anti·

129 590 292 640 quitatis
326 588 581 639 scriptoribus
611 590 776 640 reperiri
803 589 967 630 soleant.
982 589 1012 641 1)
1067 588 1250 627 Attamen
1275 587 1374 626 illud
1399 599 1482 638 per-

129 670 285 697 suasum
302 657 439 705 habeo,
454 657 742 697 Hellenicorum
761 657 974 696 dictionem
985 656 1035 696 ab
1051 656 1231 706 Agesilao
1245 656 1305 694 ita
1317 655 1483 702 differre,

128 724 234 763 nullo
261 723 376 763 modo
403 727 448 762 ut
474 723 558 763 fieri
584 724 758 775 potuisse
787 724 955 773 credam,
982 728 1027 763 ut
1053 735 1183 763 rerum
1210 723 1378 774 scriptor
1403 722 1486 762 lau-

128 792 276 831 datoris
312 791 431 830 verba
467 792 790 842 transscripserit.
844 792 934 831 Noli
961 792 1062 831 enim
1088 795 1249 842 putare,
1292 791 1422 830 omnia
1448 794 1487 829 et

129 858 282 908 singula
317 858 368 897 ad
401 858 562 898 verbum
584 860 754 910 repetita
780 872 882 908 esse,
917 861 1035 899 immo
1062 859 1229 910 scriptor
1256 870 1333 897 non
1360 857 1487 898 solum

129 926 333 966 verborum
363 925 538 966 ordinem
564 927 744 974 invertit,
770 931 949 979 tempora
975 926 1186 978 modosque
1213 926 1390 974 variavit,
1418 923 1488 964 sed

129 996 244 1033 etiam
279 995 465 1033 nonnulla
501 995 690 1034 vocabula
723 996 832 1044 aliis,
867 1008 968 1046 quae
1007 996 1219 1046 pleniorem
1255 994 1484 1045 plerumque

130 1061 277 1101 habent
302 1075 515 1111 numerum,
544 1064 791 1113 permutavit.
827 1064 949 1104 Porro
968 1076 1113 1112 eorum,
1141 1076 1240 1114 quae
1259 1062 1338 1102 illis
1357 1061 1487 1101 Helle·

129 1130 303 1168 nieorum
331 1130 442 1169 libris
468 1131 661 1180 leguntur,
690 1131 882 1182 quaedam
907 1133 948 1170 in
974 1131 1199 1170 laudatione
1226 1131 1379 1178 omissa,
1407 1129 1486 1167 alia

128 1209 149 1235 e
176 1198 371 1236 contrario
398 1197 533 1238 addita
560 1201 679 1249 atque
706 1198 906 1238 rhetorum
933 1211 1040 1238 more
1068 1202 1256 1237 exornata
1282 1200 1385 1237 sunt.
1426 1195 1486 1234 Ea

128 1265 241 1314 enim,
270 1278 370 1315 quae
397 1266 448 1305 ad
474 1269 671 1307 strenuam
704 1267 908 1307 historiam
933 1267 1142 1318 pertinent,
1170 1265 1352 1306 laudator
1378 1265 1482 1304 iusto

128 1333 281 1372 silentio
316 1335 561 1384 pertransiit,
589 1335 758 1384 addidit,
786 1347 886 1386 quae
913 1334 1120 1386 singularis
1148 1334 1311 1373 encomii
1337 1335 1483 1372 natura

128 1402 326 1452 postulare
353 1402 571 1443 videbatur.
615 1404 754 1454 Itaque
780 1403 926 1443 factum
953 1407 1024 1452 est,
1052 1407 1097 1442 ut
1125 1403 1296 1453 Agesilai
1316 1403 1485 1452 scriptor

129 1468 242 1508 modo
272 1469 475 1519 copiosius,
503 1483 620 1520 quam
648 1483 778 1509 rerum
804 1474 996 1518 narrator,
1020 1470 1136 1509 modo
1162 1469 1317 1508 brevius
1341 1482 1405 1508 res
1423 1482 1485 1508 ex-

126 1540 267 1585 ponat,
308 1536 376 1576 sed
416 1538 542 1577 oratio
574 1537 718 1588 ubique
745 1538 869 1589 spirat
894 1538 1074 1577 iuvenilis
1100 1538 1220 1577 animi
1247 1538 1419 1587 vigorem
1445 1542 1486 1576 et

124 1606 184 1641 est
209 1603 325 1643 modo
353 1604 493 1644 fortior
520 1618 566 1644 ac
593 1606 769 1656 gravior,
786 1605 901 1645 modo
917 1605 1111 1656 comptior
1129 1608 1249 1655 atque
1269 1603 1482 1644 sublimior.

124 1669 235 1718 Quod
261 1671 301 1710 in
328 1673 550 1712 universum
575 1667 923 1725 pronuntiavimus,
951 1673 992 1713 id
1017 1674 1060 1713 in
1086 1673 1248 1725 singulis
1264 1671 1483 1724 probemus.

249 1740 440 1791 Compara
466 1742 562 1780 mihi
587 1742 689 1783 Hell.
716 1742 786 1782 ΙΙΙ.
813 1743 850 1781 4.
877 1744 942 1781 16:
982 1744 1058 1780 τῶν
1091 1740 1367 1791 ἱππαζομένων
1396 1754 1484 1781 cum

128 1808 238 1857 Ages.
266 1809 297 1849 I.
324 1809 391 1848 25:
420 1807 573 1849 ἱππέων
592 1808 877 1861 ἱππαζομένων.
904 1810 1006 1851 Hell.
1023 1810 1094 1850 111.
1112 1811 1150 1850 4.
1171 1813 1238 1849 24:
1266 1808 1305 1849 οἱ
1316 1809 1482 1863 Πέρσαι.

127 1876 235 1925 Ages.
273 1876 304 1917 Ι.
332 1878 399 1917 32:
437 1876 475 1916 οἱ
507 1875 653 1928 ἀγαθοὶ
677 1881 753 1917 τῶν
778 1880 954 1930 Περσῶν.
1009 1877 1110 1916 Hell.
1138 1878 1203 1918 IV.
1232 1878 1268 1917 3.
1297 1878 1342 1917 8:
1375 1876 1481 1929 ἡλίσ-

122 1955 242 1982 κοντο.
274 1945 384 1995 Ages.
413 1945 462 1984 ΙΙ.
491 1949 532 1985 4:
561 1945 702 1994 ζῶντες
728 1945 938 1999 ἡλίσκοντο.
973 1947 1076 1987 Hell.
1103 1946 1169 1986 IV.
1195 1948 1232 1987 3.
1260 1946 1328 1986 20:
1356 1943 1483 1984 πολλὰ
1560 1972 1566 1977 -

122 2008 325 2062 τραύματα
351 2008 459 2062 ἔχων.
496 2015 611 2064 Ages.
639 2014 688 2052 II.
721 2016 784 2052 13:
812 2012 938 2053 πολλὰ
963 2010 1167 2066 τραύματα
1191 2011 1289 2063 ἐάων
1313 2009 1484 2053 πάντοσε

122 2077 188 2117 καὶ
213 2078 414 2126 παντοίοις
440 2076 591 2127 ὅπλοις.
642 2082 853 2121 Praeterea
880 2080 1151 2121 considerandi
1178 2085 1268 2121 sunt
1293 2082 1322 2120 ii
1348 2081 1485 2121 lauda-

124 2146 241 2185 tionis
274 2147 368 2195 loci,
409 2147 477 2186 ubi
509 2148 798 2188 Hellenicorum
829 2149 1003 2188 narratio
1030 2149 1072 2187 in
1097 2149 1254 2188 brevius
1281 2152 1484 2188 eontracta

124 2213 338 2263 exhibetur,
351 2215 517 2266 exempli
528 2228 648 2255 causa
661 2228 744 2268 cap.
760 2216 810 2258 ΙΙ.
825 2218 871 2256 17
882 2228 890 2255 :
906 2213 965 2254 Ἐκ
982 2214 1026 2255 δὲ
1037 2212 1178 2255 τούτου
1188 2212 1425 2270 κατανοήσας
1432 2239 1484 2247 -

124 2279 324 2334 στρατεύει
349 2307 401 2313 -
427 2283 544 2337 αἱρεῖ.
581 2284 632 2325 ΙΙ.
676 2288 741 2326 182
782 2283 824 2324 ἐκ
858 2281 999 2323 τούτου
1036 2284 1079 2324 δὲ
1115 2281 1401 2335 αἰσθανόμενος
1435 2310 1481 2315 -

123 2347 324 2402 στρατεύει
359 2373 411 2380 --
442 2350 557 2405 αἱρεῖ.
591 2352 642 2393 ΙΙ.
676 2354 746 2393 22:
784 2349 985 2405 στρατεύει
1020 2377 1057 2383 -
1090 2349 1264 2406 ὑπερβάς
1289 2376 1342 2382 -
1368 2350 1485 2406 ἐδῄου

124 2421 165 2457 et
189 2417 333 2459 ibidem
368 2417 597 2473 ἐστράτευσε
623 2444 676 2450 -
701 2418 875 2474 ὑπερβάς
906 2444 946 2451 -
980 2418 1137 2473 ἐδῄωσε.
1182 2423 1230 2461 II.
1261 2423 1330 2462 23:
1368 2434 1484 2475 στρα-

123 2482 227 2524 τεύει
251 2509 304 2515 —-
331 2484 484 2539 δῃώσας
509 2511 560 2517 -
586 2484 847 2540 ἀπεχώρησεν.

252 2639 276 2678 ¹)
296 2637 336 2670 L.
357 2647 382 2670 c.
404 2648 438 2679 p.
459 2639 510 2671 66.
531 2648 578 2679 sq.

1159 2695 1213 2733 2*
