1641 2866
784 148 834 185 58

123 269 292 309 eiusdem
322 269 473 310 exordii
500 275 795 322 componantur.
836 272 1022 312 Conferas
1050 271 1165 312 velim
1193 272 1306 312 haec:
1334 273 1364 313 I.
1389 274 1428 313 2:
1458 274 1496 312 ἐκ

120 336 309 387 βασιλέων
324 338 558 388 βασιλεῦσιν.
588 342 626 378 3:
656 338 851 391 ἡγεμόνων
869 337 1154 393 ἧγεμονεύουσι.
1182 344 1225 379 4.·
1244 337 1496 380 οὐδεπώποτε

123 407 285 458 φθονεῖν
301 402 624 446 -οῦδεπώποτε
658 404 878 460 ὀρέγεσθαι.
929 411 994 448 18:
1022 405 1278 461 καταβήσοιτο
1309 405 1495 460 κατάγων.

123 476 193 511 24:
221 470 442 525 προθύμως
468 472 939 528 πράττειν-προθύμως
960 473 1179 525 μαστεύειν.
1208 478 1274 515 25;
1303 474 1497 529 ἱππόδρο-

122 553 198 589 μον
216 540 370 579 ἱππέων
384 540 672 590 ἱππαζομένων.
691 542 741 583 II.
762 546 803 583 8:
819 540 1140 590 πάντας-πᾶσι.
1161 546 1204 582 9:
1222 540 1497 594 ι’σομάχους-

124 606 371 660 ἰσοπληθεῖς.
405 612 449 647 13
465 621 472 647 :
489 606 657 647 πάντοσε
684 610 897 656 παντοίοις.
928 614 993 649 2οτ
1035 607 1498 664 σι’μμαχίαν-σῠστρα--

122 672 259 715 τεύειν.
293 676 360 714 22;
388 673 1174 731 ἀποτεταφρευμένα-ἆπεσταυρωμένα,
1203 678 1272 719 31:
1292 675 1495 732 οὐδέτερος

123 741 290 784 λύσει-
298 741 501 798 οὐδέτερος
509 743 683 797 παρέξει.
698 746 766 786 III.
787 749 808 784 2
824 759 832 785 :
849 744 995 786 ἐκείνου
1010 743 1148 799 ὅρκους
1157 744 1361 785 -ἐ-κείνου
1376 759 1494 786 σπον-

126 810 206 859 δάς.
250 816 291 852 5:
329 815 516 865 στρατιᾶς
547 810 769 865 στρατηγός.
813 814 877 853 IV.
910 817 948 852 1:
986 811 1115 860 οὐδεὶς
1149 810 1260 853 οὐδέν
1284 837 1336 843 -
1358 814 1497 854 πολλοὶ

124 878 261 920 πολλά.
292 883 333 920 3:
355 879 728 930 μείζους-μείζω.
757 882 802 923 V.
836 885 877 921 1:
907 880 1053 931 ὁμοίως
1064 881 1131 920 καὶ
1143 880 1497 931 μανίας-ὁμοίως

125 949 191 988 καὶ
224 946 373 1001 ἀργίας.
422 953 465 987 5:
498 945 700 999 μάχεσθαι
725 946 862 1001 μάχην.
910 942 993 990 VII.
1025 951 1064 988 1:
1102 946 1255 1000 ἀγαθοῦ
1284 972 1323 977 -
1351 946 1495 1000 ἀγαθά.

126 1020 172 1056 3:
200 1015 386 1069 συμφορὰ
413 1015 625 1066 συμβαίνοι.
654 1019 696 1055 4;
717 1013 876 1069 Ἕλληνα
903 1016 1120 1070 φιλέλληνα.
1169 1021 1214 1057 7:
1243 1013 1418 1057 ἀποστάν
1445 1040 1496 1047 -

124 1082 331 1137 ἅπόληιαι.
371 1084 455 1123 VII.
479 1087 518 1124 1:
548 1081 802 1138 φιλόστοργον
829 1084 963 1138 φίλων.
1005 1088 1047 1124 2;
1077 1081 1236 1132 εὔελπις
1253 1081 1495 1136 -εὕθυμιος,

126 1157 165 1193 4;
185 1149 378 1205 ὁπότερος
392 1152 516 1191 πλείω
532 1176 570 1181 —-
586 1149 1027 1206 πλειόνων-ὁπότερος
1042 1151 1266 1203 ἆμείνων-
1277 1150 1495 1203 ἀμεινόνων.

125 1223 165 1259 8:
184 1217 529 1260 καλόν-κάλλιον.
559 1221 625 1259 ΙΧ.
644 1224 665 1258 3
677 1212 687 1259 ἐ
704 1217 921 1259 εὐπάθειαν
943 1245 984 1249 -
1001 1218 1280 1274 εὐπορωτέραν.

253 1289 310 1328 Ne
343 1289 442 1328 illud
483 1289 640 1339 quidem
675 1290 933 1328 omittendum
961 1293 1031 1336 est,
1061 1301 1217 1327 cursum
1245 1289 1445 1328 enunciati
1472 1303 1496 1328 a

126 1358 281 1396 nomine
310 1358 441 1407 aliquo
470 1358 694 1406 incipientis
721 1358 883 1395 nimium
912 1369 1028 1406 saepe
1056 1357 1181 1395 devia
1200 1358 1257 1395 ita
1276 1356 1495 1405 deflectere,

129 1429 174 1463 ut
202 1424 331 1472 verbo,
361 1425 465 1474 quod
497 1429 712 1475 exspectas,
743 1437 957 1475 pronomen
985 1419 1100 1470 οὗτος
1129 1424 1179 1463 ad
1208 1424 1307 1463 illud
1331 1424 1496 1464 relatum

125 1494 415 1544 praemittatur,
444 1493 546 1531 unde
574 1493 629 1540 fit,
659 1496 704 1531 ut
732 1493 879 1531 notioni
896 1493 1024 1531 animo
1043 1497 1245 1542 tamquam
1263 1492 1324 1531 bis
1340 1492 1497 1532 oblatae

130 1561 286 1610 egregia
315 1560 505 1610 quaedam
533 1561 590 1598 vis
619 1561 860 1599 concilietur.
916 1560 1028 1606 Quod
1055 1572 1290 1609 quamquam
1318 1572 1396 1598 non
1419 1573 1498 1599 om-

127 1629 218 1666 nino
248 1641 272 1665 a
299 1627 567 1678 Xenophontis
595 1627 747 1666 dicendi
777 1640 916 1677 genere
944 1628 1103 1676 recedit,
1131 1641 1221 1667 raro
1240 1632 1371 1667 tamen
1393 1627 1498 1678 apud

128 1708 215 1734 eum
244 1696 428 1735 invenies.
444 1696 474 1747 ²)

250 1764 337 1803 Huc
378 1765 497 1803 etiam
538 1765 789 1803 traiectiones
831 1763 1035 1802 verborum
1063 1765 1281 1814 pertinent,
1310 1777 1409 1820 quae
1437 1777 1495 1802 re—

125 1832 332 1882 periuntur
359 1832 388 1869 1.
420 1835 480 1870 34.
509 1832 559 1870 Π.
601 1835 631 1870 1.
664 1831 770 1883 (bis.)
801 1832 862 1870 24.
893 1834 954 1870 31.
982 1832 1048 1869 IV.
1080 1835 1114 1870 3.
1143 1831 1229 1870 VII.
1246 1835 1281 1871 7.
1310 1832 1375 1870 IX.
1406 1834 1429 1870 3
1459 1835 1498 1870 et

126 1901 153 1938 ii
178 1900 266 1948 loci,
296 1900 362 1938 ubi
389 1899 508 1938 verba
535 1899 774 1938 decussatim
801 1899 931 1949 posita
960 1903 1070 1938 sunt:
1100 1899 1150 1938 II.
1181 1901 1215 1939 1.
1249 1900 1305 1938 12.
1337 1899 1398 1938 17.
1426 1899 1494 1939 III.

127 1969 162 2007 3.
192 1967 278 2006 VII.
308 1970 342 2005 7.
372 1967 438 2006 IX.
469 1970 501 2006 7.
531 1968 596 2005 XI.
630 1968 688 2006 10.
1246 2013 1248 2016 ⁴

252 2035 349 2073 Tum
387 2034 760 2084 interrogationibus
799 2038 838 2072 et
871 2034 1078 2073 rhetoricis
1113 2034 1263 2084 figuris,
1304 2047 1328 2073 a
1356 2033 1497 2084 quibus

127 2115 245 2152 quam
283 2101 478 2140 modicum
513 2106 695 2140 ornatum
723 2101 938 2151 Xenophon
965 2102 1158 2151 petiverit,
1187 2115 1299 2141 nemo
1327 2102 1497 2151 ignorat,

126 2170 302 2209 laudatio
331 2170 445 2208 nimis
473 2169 633 2220 impleta
661 2173 731 2209 est.
779 2169 911 2209 Habes
938 2171 1265 2221 interrogationes
1291 2170 1353 2209 his
1380 2170 1496 2222 locisfi:

128 2239 159 2277 I.
189 2241 224 2275 2.
255 2241 289 2275 5.
320 2240 355 2275 9.
386 2241 447 2277 27.
477 2240 538 2276 37.
588 2238 637 2277 ΙΙ.
667 2240 728 2278 25.
774 2237 840 2277 IV.
872 2240 905 2277 1.
935 2239 970 2278 2.
999 2239 1036 2277 3.
1066 2241 1099 2276 5.
1146 2238 1190 2277 V.
1221 2240 1254 2277 1.
1284 2241 1319 2275 4.
1367 2238 1432 2278 VI.
1463 2242 1498 2277 4.

128 2306 212 2345 VII.
242 2307 276 2345 2.
307 2306 341 2344 7.
371 2305 478 2345 VIII.
509 2308 543 2345 5.
573 2305 639 2345 IX.
671 2308 706 2346 7.
731 2304 780 2345 Χ.
809 2308 845 2345 2.
875 2306 910 2344 3.
966 2305 1200 2356 Anaphorae
1228 2309 1335 2344 sunt:
1375 2306 1404 2346 I.
1434 2308 1496 2344 21.

128 2376 190 2413 33.
219 2374 282 2413 36.
310 2373 361 2413 ΙΙ.
390 2375 425 2410 2.
456 2376 491 2412 7.
521 2372 630 2424 (bis.)
663 2375 722 2412 16.
753 2373 844 2424 (Hic
872 2373 1073 2423 anaphora
1099 2373 1308 2412 coniuncta
1334 2377 1394 2412 est
1408 2386 1496 2411 cum

127 2440 345 2493 epiphora.)
384 2443 441 2479 18.
478 2442 539 2480 24.
570 2443 630 2480 28.
660 2441 727 2482 111.
760 2443 793 2480 1.
822 2441 887 2481 VI.
917 2444 951 2480 5.
984 2440 1068 2481 VII.
1102 2444 1134 2481 l.
1163 2443 1198 2479 2.
1227 2440 1331 2481 VIII.
1361 2442 1396 2480 6.
1425 2440 1492 2482 IX.

257 2579 281 2618 1)
304 2577 351 2610 Cf.
374 2578 513 2619 Krflger.
539 2577 578 2609 de
602 2577 772 2609 authentia
795 2582 826 2608 et
849 2577 946 2618 intgr.
972 2577 1065 2610 Anah
1096 2587 1128 2619 p.
1151 2577 1202 2610 57.
