<?xml version="1.0" encoding="UTF-8"?>
<!DOCTYPE html PUBLIC "-//W3C//DTD XHTML 1.0 Transitional//EN"
    "http://www.w3.org/TR/xhtml1/DTD/xhtml1-transitional.dtd">
<html xmlns="http://www.w3.org/1999/xhtml" xml:lang="en" lang="en">
 <head>
  <title>
</title>
<meta http-equiv="Content-Type" content="text/html;charset=utf-8" />
  <meta name='ocr-system' content='tesseract 3.04.00' />
  <meta name='ocr-capabilities' content='ocr_page ocr_carea ocr_par ocr_line ocrx_word'/>
</head>
<body>
  <div class='ocr_page' id='page_1' title='image "4737326_0042.png"; bbox 0 0 1641 2866; ppageno 0'>
   <div class='ocr_carea' id='block_1_1' title="bbox 795 149 845 188">
    <p class='ocr_par' dir='ltr' id='par_1_1' title="bbox 795 149 845 188">
     <span class='ocr_line' id='line_1_1' title="bbox 795 149 845 188; baseline -0.02 0"><span class='ocrx_word' id='word_1_1' title='bbox 795 149 845 188; x_wconf 81' lang='lat'><strong>36</strong></span> 
     </span>
    </p>
   </div>
   <div class='ocr_carea' id='block_1_2' title="bbox 693 203 941 208">
    <p class='ocr_par' dir='ltr' id='par_1_2' title="bbox 693 203 941 208">
     <span class='ocr_line' id='line_1_2' title="bbox 693 203 941 208; baseline 0 0"><span class='ocrx_word' id='word_1_2' title='bbox 693 203 941 208; x_wconf 95' lang='lat' dir='ltr'><strong> </strong></span> 
     </span>
    </p>
   </div>
   <div class='ocr_carea' id='block_1_3' title="bbox 130 268 1509 2299">
    <p class='ocr_par' dir='ltr' id='par_1_3' title="bbox 130 268 1509 2299">
     <span class='ocr_line' id='line_1_3' title="bbox 262 268 1499 325; baseline 0.002 -16"><span class='ocrx_word' id='word_1_3' title='bbox 262 268 363 309; x_wconf 87' lang='lat' dir='ltr'><strong>Sane</strong></span> <span class='ocrx_word' id='word_1_4' title='bbox 398 273 542 310; x_wconf 86' lang='lat' dir='ltr'><strong>natura</strong></span> <span class='ocrx_word' id='word_1_5' title='bbox 579 284 650 312; x_wconf 89' lang='lat' dir='ltr'><strong>sua</strong></span> <span class='ocrx_word' id='word_1_6' title='bbox 685 272 900 325; x_wconf 83' lang='lat' dir='ltr'><strong>Xenophon</strong></span> <span class='ocrx_word' id='word_1_7' title='bbox 932 274 972 313; x_wconf 90' lang='lat' dir='ltr'><strong>in</strong></span> <span class='ocrx_word' id='word_1_8' title='bbox 1005 271 1186 323; x_wconf 80' lang='lat' dir='ltr'><strong>exiguum</strong></span> <span class='ocrx_word' id='word_1_9' title='bbox 1222 273 1336 323; x_wconf 88' lang='lat' dir='ltr'><strong>quasi</strong></span> <span class='ocrx_word' id='word_1_10' title='bbox 1362 284 1499 324; x_wconf 83' lang='lat' dir='ltr'><strong>gyrum</strong></span> 
     </span>
     <span class='ocr_line' id='line_1_4' title="bbox 134 337 1501 390; baseline 0.002 -14"><span class='ocrx_word' id='word_1_11' title='bbox 134 337 307 377; x_wconf 89' lang='lat' dir='ltr'><strong>inclusus</strong></span> <span class='ocrx_word' id='word_1_12' title='bbox 334 337 421 385; x_wconf 87' lang='lat' dir='ltr'><strong>suit,</strong></span> <span class='ocrx_word' id='word_1_13' title='bbox 447 343 492 378; x_wconf 89' lang='lat' dir='ltr'><strong>ut</strong></span> <span class='ocrx_word' id='word_1_14' title='bbox 518 339 559 377; x_wconf 90' lang='lat' dir='ltr'><strong>in</strong></span> <span class='ocrx_word' id='word_1_15' title='bbox 585 340 645 388; x_wconf 86' lang='lat' dir='ltr'><strong>iis,</strong></span> <span class='ocrx_word' id='word_1_16' title='bbox 670 352 771 390; x_wconf 88' lang='lat' dir='ltr'><strong>quae</strong></span> <span class='ocrx_word' id='word_1_17' title='bbox 799 341 919 380; x_wconf 86' lang='lat' dir='ltr'><strong>semel</strong></span> <span class='ocrx_word' id='word_1_18' title='bbox 945 354 1038 381; x_wconf 79' lang='lat' dir='ltr'><strong>vera</strong></span> <span class='ocrx_word' id='word_1_19' title='bbox 1063 344 1104 380; x_wconf 91' lang='lat' dir='ltr'><strong>et</strong></span> <span class='ocrx_word' id='word_1_20' title='bbox 1129 341 1295 381; x_wconf 88' lang='lat' dir='ltr'><strong>honesta</strong></span> <span class='ocrx_word' id='word_1_21' title='bbox 1321 344 1361 380; x_wconf 88' lang='lat' dir='ltr'><strong>et</strong></span> <span class='ocrx_word' id='word_1_22' title='bbox 1386 340 1501 379; x_wconf 86' lang='lat' dir='ltr'><strong>utilia</strong></span> 
     </span>
     <span class='ocr_line' id='line_1_5' title="bbox 135 404 1497 467; baseline 0.002 -23"><span class='ocrx_word' id='word_1_23' title='bbox 135 417 220 444; x_wconf 87' lang='lat' dir='ltr'><strong>esse</strong></span> <span class='ocrx_word' id='word_1_24' title='bbox 257 404 332 445; x_wconf 91' lang='lat' dir='ltr'><strong>sibi</strong></span> <span class='ocrx_word' id='word_1_25' title='bbox 370 411 641 457; x_wconf 80' lang='lat' dir='ltr'><strong>persuaserat,</strong></span> <span class='ocrx_word' id='word_1_26' title='bbox 682 421 723 448; x_wconf 87' lang='lat' dir='ltr'><strong>se</strong></span> <span class='ocrx_word' id='word_1_27' title='bbox 764 409 982 450; x_wconf 89' lang='lat' dir='ltr'><strong>contineret</strong></span> <span class='ocrx_word' id='word_1_28' title='bbox 1021 408 1233 467; x_wconf 81' lang='lat' dir='ltr'><strong>eademque</strong></span> <span class='ocrx_word' id='word_1_29' title='bbox 1266 421 1312 448; x_wconf 84' lang='lat' dir='ltr'><strong>eo</strong></span> <span class='ocrx_word' id='word_1_30' title='bbox 1339 408 1497 460; x_wconf 87' lang='lat' dir='ltr'><strong>saepius</strong></span> 
     </span>
     <span class='ocr_line' id='line_1_6' title="bbox 134 475 1509 527; baseline 0.003 -16"><span class='ocrx_word' id='word_1_31' title='bbox 134 477 351 524; x_wconf 79' lang='lat' dir='ltr'><strong>repeteret,</strong></span> <span class='ocrx_word' id='word_1_32' title='bbox 386 487 463 524; x_wconf 89' lang='lat' dir='ltr'><strong>quo</strong></span> <span class='ocrx_word' id='word_1_33' title='bbox 497 476 621 526; x_wconf 79' lang='lat' dir='ltr'><strong>magis</strong></span> <span class='ocrx_word' id='word_1_34' title='bbox 648 477 722 527; x_wconf 85' lang='lat' dir='ltr'><strong>ipsi</strong></span> <span class='ocrx_word' id='word_1_35' title='bbox 751 490 867 516; x_wconf 89' lang='lat' dir='ltr'><strong>curae</strong></span> <span class='ocrx_word' id='word_1_36' title='bbox 895 482 1036 519; x_wconf 79' lang='lat' dir='ltr'><strong>essent.</strong></span> <span class='ocrx_word' id='word_1_37' title='bbox 1092 477 1169 517; x_wconf 89' lang='lat' dir='ltr'><strong>Sed</strong></span> <span class='ocrx_word' id='word_1_38' title='bbox 1195 476 1269 516; x_wconf 84' lang='lat' dir='ltr'><strong>hoc</strong></span> <span class='ocrx_word' id='word_1_39' title='bbox 1296 475 1348 515; x_wconf 89' lang='lat' dir='ltr'><strong>ad</strong></span> <span class='ocrx_word' id='word_1_40' title='bbox 1373 476 1509 527; x_wconf 91' lang='lat' dir='ltr'><strong>philo-·</strong></span> 
     </span>
     <span class='ocr_line' id='line_1_7' title="bbox 135 541 1500 597; baseline 0.002 -18"><span class='ocrx_word' id='word_1_41' title='bbox 135 541 294 591; x_wconf 80' lang='lat' dir='ltr'><strong>sophiae</strong></span> <span class='ocrx_word' id='word_1_42' title='bbox 319 546 534 592; x_wconf 88' lang='lat' dir='ltr'><strong>praecepta</strong></span> <span class='ocrx_word' id='word_1_43' title='bbox 561 555 585 582; x_wconf 89' lang='lat' dir='ltr'><strong>a</strong></span> <span class='ocrx_word' id='word_1_44' title='bbox 614 544 777 583; x_wconf 87' lang='lat' dir='ltr'><strong>Socrate</strong></span> <span class='ocrx_word' id='word_1_45' title='bbox 805 549 978 597; x_wconf 81' lang='lat' dir='ltr'><strong>accepta,</strong></span> <span class='ocrx_word' id='word_1_46' title='bbox 1006 545 1058 585; x_wconf 88' lang='lat' dir='ltr'><strong>ad</strong></span> <span class='ocrx_word' id='word_1_47' title='bbox 1085 544 1297 584; x_wconf 87' lang='lat' dir='ltr'><strong>sententias</strong></span> <span class='ocrx_word' id='word_1_48' title='bbox 1324 544 1500 583; x_wconf 79' lang='lat' dir='ltr'><strong>universe</strong></span> 
     </span>
     <span class='ocr_line' id='line_1_8' title="bbox 136 610 1501 664; baseline 0.003 -17"><span class='ocrx_word' id='word_1_49' title='bbox 136 610 418 658; x_wconf 86' lang='lat' dir='ltr'><strong>pronunciatas</strong></span> <span class='ocrx_word' id='word_1_50' title='bbox 458 610 641 662; x_wconf 84' lang='lat' dir='ltr'><strong>locosque</strong></span> <span class='ocrx_word' id='word_1_51' title='bbox 680 624 903 652; x_wconf 90' lang='lat' dir='ltr'><strong>communes</strong></span> <span class='ocrx_word' id='word_1_52' title='bbox 934 613 1127 664; x_wconf 80' lang='lat' dir='ltr'><strong>pertinet,</strong></span> <span class='ocrx_word' id='word_1_53' title='bbox 1164 612 1212 651; x_wconf 91' lang='lat' dir='ltr'><strong>de</strong></span> <span class='ocrx_word' id='word_1_54' title='bbox 1238 611 1355 652; x_wconf 85' lang='lat' dir='ltr'><strong>rebus</strong></span> <span class='ocrx_word' id='word_1_55' title='bbox 1381 612 1501 663; x_wconf 85' lang='lat' dir='ltr'><strong>gestis</strong></span> 
     </span>
     <span class='ocr_line' id='line_1_9' title="bbox 133 676 1502 733; baseline 0.004 -19"><span class='ocrx_word' id='word_1_56' title='bbox 133 676 175 714; x_wconf 90' lang='lat' dir='ltr'><strong>id</strong></span> <span class='ocrx_word' id='word_1_57' title='bbox 202 677 331 716; x_wconf 87' lang='lat' dir='ltr'><strong>valere</strong></span> <span class='ocrx_word' id='word_1_58' title='bbox 357 691 468 728; x_wconf 83' lang='lat' dir='ltr'><strong>nego.</strong></span> <span class='ocrx_word' id='word_1_59' title='bbox 516 679 629 727; x_wconf 86' lang='lat' dir='ltr'><strong>Quod</strong></span> <span class='ocrx_word' id='word_1_60' title='bbox 656 680 689 719; x_wconf 85' lang='lat' dir='ltr'><strong>si</strong></span> <span class='ocrx_word' id='word_1_61' title='bbox 715 680 1081 733; x_wconf 81' lang='lat' dir='ltr'><strong>Breitenbachius¹)</strong></span> <span class='ocrx_word' id='word_1_62' title='bbox 1109 681 1173 720; x_wconf 84' lang='lat' dir='ltr'><strong>vix</strong></span> <span class='ocrx_word' id='word_1_63' title='bbox 1198 680 1283 720; x_wconf 81' lang='lat' dir='ltr'><strong>fieri</strong></span> <span class='ocrx_word' id='word_1_64' title='bbox 1301 693 1414 732; x_wconf 86' lang='lat' dir='ltr'><strong>posse</strong></span> <span class='ocrx_word' id='word_1_65' title='bbox 1440 693 1502 720; x_wconf 87' lang='lat' dir='ltr'><strong>ar·</strong></span> 
     </span>
     <span class='ocr_line' id='line_1_10' title="bbox 134 743 1501 799; baseline 0.003 -16"><span class='ocrx_word' id='word_1_66' title='bbox 134 743 317 794; x_wconf 87' lang='lat' dir='ltr'><strong>bitratur,</strong></span> <span class='ocrx_word' id='word_1_67' title='bbox 345 747 438 796; x_wconf 87' lang='lat' dir='ltr'><strong>quin</strong></span> <span class='ocrx_word' id='word_1_68' title='bbox 465 748 591 787; x_wconf 88' lang='lat' dir='ltr'><strong>multa</strong></span> <span class='ocrx_word' id='word_1_69' title='bbox 617 751 772 798; x_wconf 83' lang='lat' dir='ltr'><strong>repetat</strong></span> <span class='ocrx_word' id='word_1_70' title='bbox 799 748 918 789; x_wconf 88' lang='lat' dir='ltr'><strong>verba</strong></span> <span class='ocrx_word' id='word_1_71' title='bbox 941 749 1163 799; x_wconf 88' lang='lat' dir='ltr'><strong>multasque</strong></span> <span class='ocrx_word' id='word_1_72' title='bbox 1180 749 1407 796; x_wconf 86' lang='lat' dir='ltr'><strong>sententias,</strong></span> <span class='ocrx_word' id='word_1_73' title='bbox 1435 748 1501 798; x_wconf 88' lang='lat' dir='ltr'><strong>qui</strong></span> 
     </span>
     <span class='ocr_line' id='line_1_11' title="bbox 135 812 1501 866; baseline 0.003 -16"><span class='ocrx_word' id='word_1_74' title='bbox 135 812 291 851; x_wconf 89' lang='lat' dir='ltr'><strong>easdem</strong></span> <span class='ocrx_word' id='word_1_75' title='bbox 331 826 394 853; x_wconf 89' lang='lat' dir='ltr'><strong>res</strong></span> <span class='ocrx_word' id='word_1_76' title='bbox 435 814 497 854; x_wconf 88' lang='lat' dir='ltr'><strong>bis</strong></span> <span class='ocrx_word' id='word_1_77' title='bbox 538 828 776 866; x_wconf 86' lang='lat' dir='ltr'><strong>quamquam</strong></span> <span class='ocrx_word' id='word_1_78' title='bbox 817 816 972 858; x_wconf 83' lang='lat' dir='ltr'><strong>diverso</strong></span> <span class='ocrx_word' id='word_1_79' title='bbox 1006 817 1167 856; x_wconf 88' lang='lat' dir='ltr'><strong>consilio</strong></span> <span class='ocrx_word' id='word_1_80' title='bbox 1206 819 1341 856; x_wconf 88' lang='lat' dir='ltr'><strong>narret</strong></span> <span class='ocrx_word' id='word_1_81' title='bbox 1378 827 1501 865; x_wconf 88' lang='lat' dir='ltr'><strong>eoque</strong></span> 
     </span>
     <span class='ocr_line' id='line_1_12' title="bbox 134 881 1503 935; baseline 0.001 -17"><span class='ocrx_word' id='word_1_82' title='bbox 134 881 262 919; x_wconf 90' lang='lat' dir='ltr'><strong>minus</strong></span> <span class='ocrx_word' id='word_1_83' title='bbox 297 882 595 932; x_wconf 84' lang='lat' dir='ltr'><strong>vituperandum</strong></span> <span class='ocrx_word' id='word_1_84' title='bbox 633 896 716 922; x_wconf 88' lang='lat' dir='ltr'><strong>esse</strong></span> <span class='ocrx_word' id='word_1_85' title='bbox 749 884 1066 935; x_wconf 87' lang='lat' dir='ltr'><strong>Xenophontem,</strong></span> <span class='ocrx_word' id='word_1_86' title='bbox 1105 885 1172 935; x_wconf 90' lang='lat' dir='ltr'><strong>qui</strong></span> <span class='ocrx_word' id='word_1_87' title='bbox 1207 897 1307 934; x_wconf 89' lang='lat' dir='ltr'><strong>quae</strong></span> <span class='ocrx_word' id='word_1_88' title='bbox 1335 883 1428 922; x_wconf 92' lang='lat' dir='ltr'><strong>olim</strong></span> <span class='ocrx_word' id='word_1_89' title='bbox 1455 882 1503 921; x_wconf 90' lang='lat' dir='ltr'><strong>de</strong></span> 
     </span>
     <span class='ocr_line' id='line_1_13' title="bbox 135 948 1503 1002; baseline 0.003 -16"><span class='ocrx_word' id='word_1_90' title='bbox 135 948 317 999; x_wconf 82' lang='lat' dir='ltr'><strong>Agesilao</strong></span> <span class='ocrx_word' id='word_1_91' title='bbox 343 949 383 987; x_wconf 92' lang='lat' dir='ltr'><strong>in</strong></span> <span class='ocrx_word' id='word_1_92' title='bbox 410 949 577 992; x_wconf 87' lang='lat' dir='ltr'><strong>historia</strong></span> <span class='ocrx_word' id='word_1_93' title='bbox 604 951 756 992; x_wconf 86' lang='lat' dir='ltr'><strong>Graeca</strong></span> <span class='ocrx_word' id='word_1_94' title='bbox 782 952 1008 1002; x_wconf 82' lang='lat' dir='ltr'><strong>tradiderit,</strong></span> <span class='ocrx_word' id='word_1_95' title='bbox 1037 956 1143 993; x_wconf 88' lang='lat' dir='ltr'><strong>certe</strong></span> <span class='ocrx_word' id='word_1_96' title='bbox 1169 953 1314 992; x_wconf 87' lang='lat' dir='ltr'><strong>iterum</strong></span> <span class='ocrx_word' id='word_1_97' title='bbox 1342 949 1503 1001; x_wconf 82' lang='lat' dir='ltr'><strong>diligen—</strong></span> 
     </span>
     <span class='ocr_line' id='line_1_14' title="bbox 134 1017 1502 1071; baseline 0.001 -16"><span class='ocrx_word' id='word_1_98' title='bbox 134 1021 195 1056; x_wconf 88' lang='lat' dir='ltr'><strong>ter</strong></span> <span class='ocrx_word' id='word_1_99' title='bbox 234 1017 374 1068; x_wconf 79' lang='lat' dir='ltr'><strong>legerit</strong></span> <span class='ocrx_word' id='word_1_100' title='bbox 415 1020 549 1070; x_wconf 89' lang='lat' dir='ltr'><strong>itaque</strong></span> <span class='ocrx_word' id='word_1_101' title='bbox 591 1021 652 1059; x_wconf 86' lang='lat' dir='ltr'><strong>vel</strong></span> <span class='ocrx_word' id='word_1_102' title='bbox 691 1022 812 1060; x_wconf 83' lang='lat' dir='ltr'><strong>invito</strong></span> <span class='ocrx_word' id='word_1_103' title='bbox 853 1025 1014 1061; x_wconf 89' lang='lat' dir='ltr'><strong>auctore</strong></span> <span class='ocrx_word' id='word_1_104' title='bbox 1048 1034 1125 1060; x_wconf 91' lang='lat' dir='ltr'><strong>non</strong></span> <span class='ocrx_word' id='word_1_105' title='bbox 1151 1033 1277 1071; x_wconf 82' lang='lat' dir='ltr'><strong>pauca</strong></span> <span class='ocrx_word' id='word_1_106' title='bbox 1303 1032 1351 1058; x_wconf 89' lang='lat' dir='ltr'><strong>ex</strong></span> <span class='ocrx_word' id='word_1_107' title='bbox 1377 1019 1502 1058; x_wconf 88' lang='lat' dir='ltr'><strong>altero</strong></span> 
     </span>
     <span class='ocr_line' id='line_1_15' title="bbox 133 1083 1505 1140; baseline 0.002 -17"><span class='ocrx_word' id='word_1_108' title='bbox 133 1083 234 1125; x_wconf 90' lang='lat' dir='ltr'><strong>libro</strong></span> <span class='ocrx_word' id='word_1_109' title='bbox 261 1086 302 1125; x_wconf 93' lang='lat' dir='ltr'><strong>in</strong></span> <span class='ocrx_word' id='word_1_110' title='bbox 324 1086 492 1126; x_wconf 90' lang='lat' dir='ltr'><strong>alterum</strong></span> <span class='ocrx_word' id='word_1_111' title='bbox 518 1087 734 1139; x_wconf 89' lang='lat' dir='ltr'><strong>irrepsisse,</strong></span> <span class='ocrx_word' id='word_1_112' title='bbox 762 1088 990 1140; x_wconf 89' lang='lat' dir='ltr'><strong>respondeo,</strong></span> <span class='ocrx_word' id='word_1_113' title='bbox 1010 1087 1154 1129; x_wconf 92' lang='lat' dir='ltr'><strong>bonum</strong></span> <span class='ocrx_word' id='word_1_114' title='bbox 1178 1089 1419 1140; x_wconf 85' lang='lat' dir='ltr'><strong>scriptorem,</strong></span> <span class='ocrx_word' id='word_1_115' title='bbox 1437 1087 1505 1139; x_wconf 92' lang='lat' dir='ltr'><strong>qui</strong></span> 
     </span>
     <span class='ocr_line' id='line_1_16' title="bbox 137 1153 1504 1207; baseline 0.003 -16"><span class='ocrx_word' id='word_1_116' title='bbox 137 1153 293 1192; x_wconf 87' lang='lat' dir='ltr'><strong>easdem</strong></span> <span class='ocrx_word' id='word_1_117' title='bbox 319 1167 383 1194; x_wconf 89' lang='lat' dir='ltr'><strong>res</strong></span> <span class='ocrx_word' id='word_1_118' title='bbox 409 1154 470 1194; x_wconf 92' lang='lat' dir='ltr'><strong>bis</strong></span> <span class='ocrx_word' id='word_1_119' title='bbox 496 1160 654 1205; x_wconf 85' lang='lat' dir='ltr'><strong>tractet,</strong></span> <span class='ocrx_word' id='word_1_120' title='bbox 683 1158 859 1207; x_wconf 82' lang='lat' dir='ltr'><strong>quamvis</strong></span> <span class='ocrx_word' id='word_1_121' title='bbox 887 1157 1151 1196; x_wconf 83' lang='lat' dir='ltr'><strong>narrationem</strong></span> <span class='ocrx_word' id='word_1_122' title='bbox 1178 1160 1331 1196; x_wconf 88' lang='lat' dir='ltr'><strong>mutare</strong></span> <span class='ocrx_word' id='word_1_123' title='bbox 1345 1155 1504 1196; x_wconf 84' lang='lat' dir='ltr'><strong>difficile</strong></span> 
     </span>
     <span class='ocr_line' id='line_1_17' title="bbox 135 1220 1503 1275; baseline 0.002 -16"><span class='ocrx_word' id='word_1_124' title='bbox 135 1223 199 1269; x_wconf 82' lang='lat' dir='ltr'><strong>sit,</strong></span> <span class='ocrx_word' id='word_1_125' title='bbox 225 1220 327 1260; x_wconf 84' lang='lat' dir='ltr'><strong>hanc</strong></span> <span class='ocrx_word' id='word_1_126' title='bbox 350 1222 571 1262; x_wconf 81' lang='lat' dir='ltr'><strong>molestiam</strong></span> <span class='ocrx_word' id='word_1_127' title='bbox 598 1237 675 1264; x_wconf 92' lang='lat' dir='ltr'><strong>non</strong></span> <span class='ocrx_word' id='word_1_128' title='bbox 702 1224 898 1275; x_wconf 82' lang='lat' dir='ltr'><strong>defugere,</strong></span> <span class='ocrx_word' id='word_1_129' title='bbox 926 1224 995 1264; x_wconf 90' lang='lat' dir='ltr'><strong>sed</strong></span> <span class='ocrx_word' id='word_1_130' title='bbox 1022 1237 1161 1264; x_wconf 83' lang='lat' dir='ltr'><strong>novam</strong></span> <span class='ocrx_word' id='word_1_131' title='bbox 1188 1237 1318 1263; x_wconf 88' lang='lat' dir='ltr'><strong>rerum</strong></span> <span class='ocrx_word' id='word_1_132' title='bbox 1333 1225 1503 1275; x_wconf 87' lang='lat' dir='ltr'><strong>speciem</strong></span> 
     </span>
     <span class='ocr_line' id='line_1_18' title="bbox 133 1290 1505 1343; baseline 0.001 -14"><span class='ocrx_word' id='word_1_133' title='bbox 133 1290 346 1331; x_wconf 88' lang='lat' dir='ltr'><strong>lectoribus</strong></span> <span class='ocrx_word' id='word_1_134' title='bbox 373 1305 590 1343; x_wconf 89' lang='lat' dir='ltr'><strong>proponere</strong></span> <span class='ocrx_word' id='word_1_135' title='bbox 618 1293 786 1333; x_wconf 89' lang='lat' dir='ltr'><strong>studere.</strong></span> <span class='ocrx_word' id='word_1_136' title='bbox 833 1293 919 1333; x_wconf 89' lang='lat' dir='ltr'><strong>Hoc</strong></span> <span class='ocrx_word' id='word_1_137' title='bbox 946 1297 1076 1333; x_wconf 90' lang='lat' dir='ltr'><strong>autem</strong></span> <span class='ocrx_word' id='word_1_138' title='bbox 1104 1292 1275 1332; x_wconf 89' lang='lat' dir='ltr'><strong>studium</strong></span> <span class='ocrx_word' id='word_1_139' title='bbox 1302 1293 1343 1331; x_wconf 93' lang='lat' dir='ltr'><strong>in</strong></span> <span class='ocrx_word' id='word_1_140' title='bbox 1371 1292 1505 1333; x_wconf 88' lang='lat' dir='ltr'><strong>lauda-</strong></span> 
     </span>
     <span class='ocr_line' id='line_1_19' title="bbox 133 1360 1504 1411; baseline 0.001 -14"><span class='ocrx_word' id='word_1_141' title='bbox 133 1362 230 1407; x_wconf 90' lang='lat' dir='ltr'><strong>tore,</strong></span> <span class='ocrx_word' id='word_1_142' title='bbox 254 1360 322 1409; x_wconf 91' lang='lat' dir='ltr'><strong>qui</strong></span> <span class='ocrx_word' id='word_1_143' title='bbox 348 1360 536 1409; x_wconf 89' lang='lat' dir='ltr'><strong>pleraque</strong></span> <span class='ocrx_word' id='word_1_144' title='bbox 564 1360 615 1399; x_wconf 87' lang='lat' dir='ltr'><strong>ad</strong></span> <span class='ocrx_word' id='word_1_145' title='bbox 633 1360 794 1399; x_wconf 86' lang='lat' dir='ltr'><strong>verbum</strong></span> <span class='ocrx_word' id='word_1_146' title='bbox 811 1365 989 1411; x_wconf 90' lang='lat' dir='ltr'><strong>repetere</strong></span> <span class='ocrx_word' id='word_1_147' title='bbox 1008 1373 1087 1407; x_wconf 88' lang='lat' dir='ltr'><strong>non</strong></span> <span class='ocrx_word' id='word_1_148' title='bbox 1105 1360 1316 1408; x_wconf 86' lang='lat' dir='ltr'><strong>dubitavit,</strong></span> <span class='ocrx_word' id='word_1_149' title='bbox 1343 1371 1504 1410; x_wconf 87' lang='lat' dir='ltr'><strong>prorsus</strong></span> 
     </span>
     <span class='ocr_line' id='line_1_20' title="bbox 134 1425 1502 1480; baseline 0 -14"><span class='ocrx_word' id='word_1_150' title='bbox 134 1425 349 1468; x_wconf 88' lang='lat' dir='ltr'><strong>desiderari</strong></span> <span class='ocrx_word' id='word_1_151' title='bbox 376 1428 496 1470; x_wconf 79' lang='lat' dir='ltr'><strong>vides.</strong></span> <span class='ocrx_word' id='word_1_152' title='bbox 552 1428 688 1479; x_wconf 90' lang='lat' dir='ltr'><strong>Neque</strong></span> <span class='ocrx_word' id='word_1_153' title='bbox 716 1428 931 1480; x_wconf 90' lang='lat' dir='ltr'><strong>Xenophon</strong></span> <span class='ocrx_word' id='word_1_154' title='bbox 957 1429 991 1469; x_wconf 90' lang='lat' dir='ltr'><strong>is</strong></span> <span class='ocrx_word' id='word_1_155' title='bbox 1018 1431 1105 1468; x_wconf 89' lang='lat' dir='ltr'><strong>erat</strong></span> <span class='ocrx_word' id='word_1_156' title='bbox 1119 1458 1130 1475; x_wconf 93' lang='lat'><strong>,</strong></span> <span class='ocrx_word' id='word_1_157' title='bbox 1158 1428 1225 1478; x_wconf 92' lang='lat' dir='ltr'><strong>qui</strong></span> <span class='ocrx_word' id='word_1_158' title='bbox 1252 1426 1502 1478; x_wconf 87' lang='lat' dir='ltr'><strong>quemadmo-</strong></span> 
     </span>
     <span class='ocr_line' id='line_1_21' title="bbox 136 1494 1496 1544; baseline 0 -11"><span class='ocrx_word' id='word_1_159' title='bbox 136 1494 230 1533; x_wconf 92' lang='lat' dir='ltr'><strong>dum</strong></span> <span class='ocrx_word' id='word_1_160' title='bbox 258 1496 406 1535; x_wconf 89' lang='lat' dir='ltr'><strong>diceret</strong></span> <span class='ocrx_word' id='word_1_161' title='bbox 419 1526 428 1544; x_wconf 91' lang='lat'>‚</span> <span class='ocrx_word' id='word_1_162' title='bbox 467 1496 688 1543; x_wconf 87' lang='lat' dir='ltr'><strong>laboraret,</strong></span> <span class='ocrx_word' id='word_1_163' title='bbox 722 1497 791 1536; x_wconf 89' lang='lat' dir='ltr'><strong>sed</strong></span> <span class='ocrx_word' id='word_1_164' title='bbox 828 1509 1019 1536; x_wconf 88' lang='lat' dir='ltr'><strong>summam</strong></span> <span class='ocrx_word' id='word_1_165' title='bbox 1046 1497 1128 1535; x_wconf 87' lang='lat' dir='ltr'><strong>eius</strong></span> <span class='ocrx_word' id='word_1_166' title='bbox 1155 1495 1275 1534; x_wconf 83' lang='lat' dir='ltr'><strong>fuisse</strong></span> <span class='ocrx_word' id='word_1_167' title='bbox 1302 1494 1496 1534; x_wconf 89' lang='lat' dir='ltr'><strong>scribendi</strong></span> 
     </span>
     <span class='ocr_line' id='line_1_22' title="bbox 133 1561 1501 1605; baseline 0 -3"><span class='ocrx_word' id='word_1_168' title='bbox 133 1561 364 1604; x_wconf 82' lang='lat' dir='ltr'><strong>facilitatem</strong></span> <span class='ocrx_word' id='word_1_169' title='bbox 391 1564 563 1604; x_wconf 89' lang='lat' dir='ltr'><strong>omnium</strong></span> <span class='ocrx_word' id='word_1_170' title='bbox 591 1565 835 1605; x_wconf 86' lang='lat' dir='ltr'><strong>consentiens</strong></span> <span class='ocrx_word' id='word_1_171' title='bbox 862 1577 936 1605; x_wconf 87' lang='lat' dir='ltr'><strong>vox</strong></span> <span class='ocrx_word' id='word_1_172' title='bbox 963 1568 1034 1605; x_wconf 87' lang='lat' dir='ltr'><strong>est.</strong></span> <span class='ocrx_word' id='word_1_173' title='bbox 1085 1564 1138 1604; x_wconf 91' lang='lat' dir='ltr'><strong>At</strong></span> <span class='ocrx_word' id='word_1_174' title='bbox 1164 1563 1233 1604; x_wconf 87' lang='lat' dir='ltr'><strong>alii</strong></span> <span class='ocrx_word' id='word_1_175' title='bbox 1258 1562 1373 1603; x_wconf 89' lang='lat' dir='ltr'><strong>multi</strong></span> <span class='ocrx_word' id='word_1_176' title='bbox 1401 1563 1501 1602; x_wconf 88' lang='lat' dir='ltr'><strong>anti-</strong></span> 
     </span>
     <span class='ocr_line' id='line_1_23' title="bbox 135 1632 1502 1684; baseline -0.001 -13"><span class='ocrx_word' id='word_1_177' title='bbox 135 1633 299 1682; x_wconf 88' lang='lat' dir='ltr'><strong>quitatis</strong></span> <span class='ocrx_word' id='word_1_178' title='bbox 326 1635 537 1684; x_wconf 87' lang='lat' dir='ltr'><strong>scriptores</strong></span> <span class='ocrx_word' id='word_1_179' title='bbox 563 1635 604 1673; x_wconf 91' lang='lat' dir='ltr'><strong>in</strong></span> <span class='ocrx_word' id='word_1_180' title='bbox 630 1634 704 1674; x_wconf 86' lang='lat' dir='ltr'><strong>hac</strong></span> <span class='ocrx_word' id='word_1_181' title='bbox 730 1647 773 1673; x_wconf 87' lang='lat' dir='ltr'><strong>re</strong></span> <span class='ocrx_word' id='word_1_182' title='bbox 802 1637 908 1673; x_wconf 87' lang='lat' dir='ltr'><strong>certe</strong></span> <span class='ocrx_word' id='word_1_183' title='bbox 934 1634 1080 1681; x_wconf 89' lang='lat' dir='ltr'><strong>minus,</strong></span> <span class='ocrx_word' id='word_1_184' title='bbox 1109 1645 1227 1682; x_wconf 87' lang='lat' dir='ltr'><strong>quam</strong></span> <span class='ocrx_word' id='word_1_185' title='bbox 1253 1632 1368 1671; x_wconf 87' lang='lat' dir='ltr'><strong>huius</strong></span> <span class='ocrx_word' id='word_1_186' title='bbox 1395 1635 1502 1671; x_wconf 87' lang='lat' dir='ltr'><strong>aeta-</strong></span> 
     </span>
     <span class='ocr_line' id='line_1_24' title="bbox 132 1698 1500 1752; baseline 0 -15"><span class='ocrx_word' id='word_1_187' title='bbox 132 1699 390 1751; x_wconf 55' lang='lat' dir='ltr'><strong>tiess-homines</strong></span> <span class='ocrx_word' id='word_1_188' title='bbox 430 1701 603 1752; x_wconf 87' lang='lat' dir='ltr'><strong>religiosi</strong></span> <span class='ocrx_word' id='word_1_189' title='bbox 639 1713 717 1741; x_wconf 89' lang='lat' dir='ltr'><strong>non</strong></span> <span class='ocrx_word' id='word_1_190' title='bbox 749 1713 841 1740; x_wconf 89' lang='lat' dir='ltr'><strong>raro</strong></span> <span class='ocrx_word' id='word_1_191' title='bbox 876 1700 1012 1740; x_wconf 86' lang='lat' dir='ltr'><strong>eadem</strong></span> <span class='ocrx_word' id='word_1_192' title='bbox 1045 1699 1183 1740; x_wconf 86' lang='lat' dir='ltr'><strong>iisdem</strong></span> <span class='ocrx_word' id='word_1_193' title='bbox 1217 1698 1347 1738; x_wconf 89' lang='lat' dir='ltr'><strong>verbis</strong></span> <span class='ocrx_word' id='word_1_194' title='bbox 1373 1701 1500 1737; x_wconf 89' lang='lat' dir='ltr'><strong>trans-</strong></span> 
     </span>
     <span class='ocr_line' id='line_1_25' title="bbox 132 1767 1501 1820; baseline -0.001 -13"><span class='ocrx_word' id='word_1_195' title='bbox 132 1769 390 1820; x_wconf 87' lang='lat' dir='ltr'><strong>scripserunt,</strong></span> <span class='ocrx_word' id='word_1_196' title='bbox 418 1770 525 1809; x_wconf 86' lang='lat' dir='ltr'><strong>velut</strong></span> <span class='ocrx_word' id='word_1_197' title='bbox 551 1771 676 1818; x_wconf 92' lang='lat' dir='ltr'><strong>Plato,</strong></span> <span class='ocrx_word' id='word_1_198' title='bbox 716 1769 1015 1819; x_wconf 86' lang='lat' dir='ltr'><strong>Demosthenes,</strong></span> <span class='ocrx_word' id='word_1_199' title='bbox 1043 1770 1247 1809; x_wconf 85' lang='lat' dir='ltr'><strong>Isocrates.</strong></span> <span class='ocrx_word' id='word_1_200' title='bbox 1302 1767 1415 1815; x_wconf 87' lang='lat' dir='ltr'><strong>Quod</strong></span> <span class='ocrx_word' id='word_1_201' title='bbox 1440 1767 1501 1806; x_wconf 92' lang='lat' dir='ltr'><strong>his</strong></span> 
     </span>
     <span class='ocr_line' id='line_1_26' title="bbox 131 1834 1499 1888; baseline 0 -15"><span class='ocrx_word' id='word_1_202' title='bbox 131 1835 264 1884; x_wconf 90' lang='lat' dir='ltr'><strong>licuit,</strong></span> <span class='ocrx_word' id='word_1_203' title='bbox 304 1836 418 1875; x_wconf 87' lang='lat' dir='ltr'><strong>licuit</strong></span> <span class='ocrx_word' id='word_1_204' title='bbox 458 1837 577 1876; x_wconf 87' lang='lat' dir='ltr'><strong>etiam</strong></span> <span class='ocrx_word' id='word_1_205' title='bbox 619 1836 880 1888; x_wconf 86' lang='lat' dir='ltr'><strong>Xenophonti.</strong></span> <span class='ocrx_word' id='word_1_206' title='bbox 943 1836 1029 1876; x_wconf 91' lang='lat' dir='ltr'><strong>Hoc</strong></span> <span class='ocrx_word' id='word_1_207' title='bbox 1077 1838 1308 1887; x_wconf 84' lang='lat' dir='ltr'><strong>argumento</strong></span> <span class='ocrx_word' id='word_1_208' title='bbox 1349 1834 1499 1886; x_wconf 90' lang='lat' dir='ltr'><strong>primus</strong></span> 
     </span>
     <span class='ocr_line' id='line_1_27' title="bbox 131 1903 1499 1958; baseline -0.001 -15"><span class='ocrx_word' id='word_1_209' title='bbox 131 1917 226 1943; x_wconf 87' lang='lat' dir='ltr'><strong>usus</strong></span> <span class='ocrx_word' id='word_1_210' title='bbox 250 1908 311 1944; x_wconf 88' lang='lat' dir='ltr'><strong>est</strong></span> <span class='ocrx_word' id='word_1_211' title='bbox 327 1905 562 1958; x_wconf 47' lang='lat' dir='ltr'><strong>Kuihnius&amp;</strong></span> <span class='ocrx_word' id='word_1_212' title='bbox 591 1918 755 1956; x_wconf 89' lang='lat' dir='ltr'><strong>eumque</strong></span> <span class='ocrx_word' id='word_1_213' title='bbox 773 1906 898 1945; x_wconf 83' lang='lat' dir='ltr'><strong>secuti</strong></span> <span class='ocrx_word' id='word_1_214' title='bbox 916 1909 1009 1945; x_wconf 89' lang='lat' dir='ltr'><strong>sunt</strong></span> <span class='ocrx_word' id='word_1_215' title='bbox 1027 1905 1233 1953; x_wconf 87' lang='lat' dir='ltr'><strong>Weiskius‚</strong></span> <span class='ocrx_word' id='word_1_216' title='bbox 1257 1903 1499 1951; x_wconf 88' lang='lat' dir='ltr'><strong>Heilandius,</strong></span> 
     </span>
     <span class='ocr_line' id='line_1_28' title="bbox 130 1969 1499 2024; baseline -0.001 -15"><span class='ocrx_word' id='word_1_217' title='bbox 130 1971 451 2012; x_wconf 86' lang='lat' dir='ltr'><strong>Breitenbachius</strong></span> <span class='ocrx_word' id='word_1_218' title='bbox 486 1974 566 2012; x_wconf 88' lang='lat' dir='ltr'><strong>alii.</strong></span> <span class='ocrx_word' id='word_1_219' title='bbox 622 1972 698 2013; x_wconf 87' lang='lat' dir='ltr'><strong>Sed</strong></span> <span class='ocrx_word' id='word_1_220' title='bbox 734 1972 927 2012; x_wconf 90' lang='lat' dir='ltr'><strong>Kuihnius</strong></span> <span class='ocrx_word' id='word_1_221' title='bbox 962 1973 1045 2024; x_wconf 90' lang='lat' dir='ltr'><strong>ipse</strong></span> <span class='ocrx_word' id='word_1_222' title='bbox 1080 1975 1219 2022; x_wconf 89' lang='lat' dir='ltr'><strong>postea</strong></span> <span class='ocrx_word' id='word_1_223' title='bbox 1253 1969 1499 2009; x_wconf 80' lang='lat' dir='ltr'><strong>vehementer</strong></span> 
     </span>
     <span class='ocr_line' id='line_1_29' title="bbox 130 2034 1499 2094; baseline -0.001 -13"><span class='ocrx_word' id='word_1_224' title='bbox 130 2039 307 2091; x_wconf 89' lang='lat' dir='ltr'><strong>dolebat,</strong></span> <span class='ocrx_word' id='word_1_225' title='bbox 349 2041 454 2094; x_wconf 89' lang='lat' dir='ltr'><strong>quod</strong></span> <span class='ocrx_word' id='word_1_226' title='bbox 493 2042 805 2083; x_wconf 85' lang='lat' dir='ltr'><strong>adolescentulus</strong></span> <span class='ocrx_word' id='word_1_227' title='bbox 844 2040 1003 2082; x_wconf 82' lang='lat' dir='ltr'><strong>vixdum</strong></span> <span class='ocrx_word' id='word_1_228' title='bbox 1043 2040 1216 2093; x_wconf 88' lang='lat' dir='ltr'><strong>perlecto</strong></span> <span class='ocrx_word' id='word_1_229' title='bbox 1242 2034 1499 2091; x_wconf 88' lang='lat' dir='ltr'><strong>Xenophonte</strong></span> 
     </span>
     <span class='ocr_line' id='line_1_30' title="bbox 131 2108 1498 2159; baseline -0.001 -11"><span class='ocrx_word' id='word_1_230' title='bbox 131 2114 269 2149; x_wconf 88' lang='lat' dir='ltr'><strong>contra</strong></span> <span class='ocrx_word' id='word_1_231' title='bbox 283 2111 582 2150; x_wconf 89' lang='lat' dir='ltr'><strong>Valckenarium</strong></span> <span class='ocrx_word' id='word_1_232' title='bbox 610 2111 845 2151; x_wconf 84' lang='lat' dir='ltr'><strong>contendere</strong></span> <span class='ocrx_word' id='word_1_233' title='bbox 869 2124 987 2150; x_wconf 88' lang='lat' dir='ltr'><strong>ausus</strong></span> <span class='ocrx_word' id='word_1_234' title='bbox 1014 2114 1116 2150; x_wconf 86' lang='lat' dir='ltr'><strong>esset</strong></span> <span class='ocrx_word' id='word_1_235' title='bbox 1140 2110 1299 2159; x_wconf 87' lang='lat' dir='ltr'><strong>eiusque</strong></span> <span class='ocrx_word' id='word_1_236' title='bbox 1317 2108 1498 2148; x_wconf 87' lang='lat' dir='ltr'><strong>Manibus</strong></span> 
     </span>
     <span class='ocr_line' id='line_1_31' title="bbox 130 2176 1497 2233; baseline 0.001 -17"><span class='ocrx_word' id='word_1_237' title='bbox 130 2176 313 2218; x_wconf 87' lang='lat' dir='ltr'><strong>satisfieri</strong></span> <span class='ocrx_word' id='word_1_238' title='bbox 340 2178 534 2231; x_wconf 87' lang='lat' dir='ltr'><strong>cupiebat.</strong></span> <span class='ocrx_word' id='word_1_239' title='bbox 549 2180 579 2233; x_wconf 79' lang='lat'><strong>³)</strong></span> <span class='ocrx_word' id='word_1_240' title='bbox 635 2178 670 2219; x_wconf 92' lang='lat' dir='ltr'>N</span> <span class='ocrx_word' id='word_1_241' title='bbox 672 2191 716 2219; x_wconf 87' lang='lat' dir='ltr'><strong>ec</strong></span> <span class='ocrx_word' id='word_1_242' title='bbox 741 2179 897 2229; x_wconf 86' lang='lat' dir='ltr'><strong>iniuria,</strong></span> <span class='ocrx_word' id='word_1_243' title='bbox 924 2192 1016 2220; x_wconf 90' lang='lat' dir='ltr'><strong>nam</strong></span> <span class='ocrx_word' id='word_1_244' title='bbox 1037 2177 1225 2231; x_wconf 87' lang='lat' dir='ltr'><strong>permulti</strong></span> <span class='ocrx_word' id='word_1_245' title='bbox 1251 2177 1328 2218; x_wconf 91' lang='lat' dir='ltr'><strong>loci</strong></span> <span class='ocrx_word' id='word_1_246' title='bbox 1354 2177 1395 2217; x_wconf 91' lang='lat' dir='ltr'><strong>in</strong></span> <span class='ocrx_word' id='word_1_247' title='bbox 1418 2189 1497 2217; x_wconf 89' lang='lat' dir='ltr'><strong>uno</strong></span> 
     </span>
     <span class='ocr_line' id='line_1_32' title="bbox 130 2245 1491 2299; baseline -0.001 -14"><span class='ocrx_word' id='word_1_248' title='bbox 130 2246 343 2296; x_wconf 88' lang='lat' dir='ltr'><strong>eodemque</strong></span> <span class='ocrx_word' id='word_1_249' title='bbox 370 2251 529 2287; x_wconf 88' lang='lat' dir='ltr'><strong>auctore</strong></span> <span class='ocrx_word' id='word_1_250' title='bbox 555 2247 615 2286; x_wconf 89' lang='lat' dir='ltr'><strong>bis</strong></span> <span class='ocrx_word' id='word_1_251' title='bbox 625 2250 869 2299; x_wconf 34' lang='lat' dir='ltr'><strong>‘occurentes</strong></span> <span class='ocrx_word' id='word_1_252' title='bbox 895 2248 1018 2297; x_wconf 87' lang='lat' dir='ltr'><strong>spurii</strong></span> <span class='ocrx_word' id='word_1_253' title='bbox 1044 2249 1085 2286; x_wconf 92' lang='lat' dir='ltr'><strong>et</strong></span> <span class='ocrx_word' id='word_1_254' title='bbox 1110 2246 1360 2285; x_wconf 90' lang='lat' dir='ltr'><strong>librariorum</strong></span> <span class='ocrx_word' id='word_1_255' title='bbox 1376 2245 1491 2295; x_wconf 88' lang='lat' dir='ltr'><strong>culpa</strong></span> 
     </span>
    </p>
   </div>
   <div class='ocr_carea' id='block_1_4' title="bbox 134 2344 380 2349">
    <p class='ocr_par' dir='ltr' id='par_1_4' title="bbox 134 2344 380 2349">
     <span class='ocr_line' id='line_1_33' title="bbox 134 2344 380 2349; baseline 0 0"><span class='ocrx_word' id='word_1_256' title='bbox 134 2344 380 2349; x_wconf 95' lang='lat' dir='ltr'><strong> </strong></span> 
     </span>
    </p>
   </div>
   <div class='ocr_carea' id='block_1_5' title="bbox 254 2394 1167 2551">
    <p class='ocr_par' dir='ltr' id='par_1_5' title="bbox 254 2394 1167 2551">
     <span class='ocr_line' id='line_1_34' title="bbox 259 2394 654 2435; baseline 0.003 -10"><span class='ocrx_word' id='word_1_257' title='bbox 259 2396 284 2432; x_wconf 89' lang='grc'><strong>1)</strong></span> <span class='ocrx_word' id='word_1_258' title='bbox 309 2394 357 2426; x_wconf 83' lang='lat' dir='ltr'><strong>Cf.</strong></span> <span class='ocrx_word' id='word_1_259' title='bbox 383 2394 521 2426; x_wconf 74' lang='lat' dir='ltr'><strong>praefat.</strong></span> <span class='ocrx_word' id='word_1_260' title='bbox 542 2405 573 2435; x_wconf 91' lang='lat' dir='ltr'><strong>p.</strong></span> <span class='ocrx_word' id='word_1_261' title='bbox 596 2394 654 2426; x_wconf 84' lang='lat' dir='ltr'><strong>XI.</strong></span> 
     </span>
     <span class='ocr_line' id='line_1_35' title="bbox 254 2450 991 2494; baseline 0 -11"><span class='ocrx_word' id='word_1_262' title='bbox 254 2452 281 2493; x_wconf 83' lang='lat'><strong>2)</strong></span> <span class='ocrx_word' id='word_1_263' title='bbox 305 2450 349 2484; x_wconf 81' lang='lat' dir='ltr'><strong>Cf</strong></span> <span class='ocrx_word' id='word_1_264' title='bbox 378 2451 507 2494; x_wconf 75' lang='lat' dir='ltr'><strong>Fragm.</strong></span> <span class='ocrx_word' id='word_1_265' title='bbox 531 2450 697 2484; x_wconf 88' lang='lat' dir='ltr'><strong>vindiciar.</strong></span> <span class='ocrx_word' id='word_1_266' title='bbox 719 2451 819 2493; x_wconf 82' lang='lat' dir='ltr'><strong>Ages.</strong></span> <span class='ocrx_word' id='word_1_267' title='bbox 840 2450 991 2493; x_wconf 89' lang='lat' dir='ltr'><strong>Xenoph.</strong></span> 
     </span>
     <span class='ocr_line' id='line_1_36' title="bbox 254 2508 1167 2551; baseline 0 -10"><span class='ocrx_word' id='word_1_268' title='bbox 254 2511 281 2551; x_wconf 78' lang='grc'><strong>3)</strong></span> <span class='ocrx_word' id='word_1_269' title='bbox 303 2509 350 2542; x_wconf 83' lang='lat' dir='ltr'><strong>ef.</strong></span> <span class='ocrx_word' id='word_1_270' title='bbox 373 2509 513 2551; x_wconf 73' lang='lat' dir='ltr'><strong>Epistol,</strong></span> <span class='ocrx_word' id='word_1_271' title='bbox 535 2509 675 2542; x_wconf 87' lang='lat' dir='ltr'><strong>Weiskii</strong></span> <span class='ocrx_word' id='word_1_272' title='bbox 696 2508 830 2541; x_wconf 85' lang='lat' dir='ltr'><strong>editioni</strong></span> <span class='ocrx_word' id='word_1_273' title='bbox 850 2508 1017 2550; x_wconf 82' lang='lat' dir='ltr'><strong>praemiss.</strong></span> <span class='ocrx_word' id='word_1_274' title='bbox 1040 2519 1070 2550; x_wconf 90' lang='lat' dir='ltr'><strong>p.</strong></span> <span class='ocrx_word' id='word_1_275' title='bbox 1094 2508 1167 2542; x_wconf 80' lang='lat'><strong>408.</strong></span> 
     </span>
    </p>
   </div>
  </div>
 </body>
</html>
