1641 2866
610 650 860 702 Particula
895 650 984 701 IV.

402 780 456 820 De
484 780 757 831 compositione
784 780 825 820 et
852 778 1008 819 dicendi
1034 789 1195 831 genere.

241 894 323 933 Iam
353 893 570 945 disputatio
597 897 732 933 nostra
760 906 806 932 eo
834 893 1003 932 deducta
1030 897 1101 940 est,
1129 896 1175 931 ut
1202 905 1321 942 quum
1348 893 1478 932 verisi-

112 961 319 1001 millimum
340 961 530 1009 videatur,
545 961 793 1012 Xenophonti
811 960 1076 1000 laudationem
1087 972 1183 1013 ,esse
1202 959 1479 1010 abrogandam,

113 1042 366 1080 quaeramus,
395 1029 488 1079 quid
515 1029 562 1068 de
590 1029 867 1080 compositione
883 1028 1003 1068 libelli
1032 1032 1072 1067 et
1090 1028 1137 1067 de
1160 1028 1314 1067 dicendi
1341 1041 1480 1078 genere

111 1095 364 1135 iudicandum
393 1098 455 1135 sit.
507 1097 601 1135 Inde
628 1097 750 1146 igitur
778 1097 1024 1136 exordiamur
1046 1097 1312 1145 quaestionem
1338 1095 1480 1143 facere,

111 1176 205 1202 num
245 1164 375 1203 omnia
410 1163 507 1203 bene
544 1163 735 1214 disposita
770 1164 1022 1214 singulaeque
1062 1163 1153 1202 libri
1201 1167 1334 1213 partes
1368 1166 1475 1202 recte

112 1231 316 1270 ordinatae
362 1235 401 1269 et
446 1232 667 1269 illustratae
703 1232 792 1269 sint.
848 1231 974 1277 Quum
1010 1231 1111 1269 enim
1138 1232 1203 1268 vix
1228 1224 1314 1268 fieri
1340 1231 1477 1280 possit,

111 1301 156 1338 ut
182 1298 227 1348 is,
255 1298 322 1350 qui
350 1298 400 1338 ad
427 1297 570 1338 librum
599 1298 906 1350 componendum
935 1311 981 1338 ex
1001 1298 1166 1337 diversis
1192 1297 1295 1337 alius
1314 1298 1479 1350 scripto—

111 1368 166 1405 ris
194 1358 376 1416 operibus
404 1367 577 1415 singulas
604 1379 666 1405 res
694 1367 906 1415 collegerit,
926 1371 1073 1404 rectam
1100 1369 1294 1404 rationem
1312 1367 1478 1403 iustum-

110 1446 187 1483 que
213 1433 370 1473 modum
401 1437 529 1473 servet
555 1446 680 1484 neque
708 1446 878 1483 unquam
893 1433 1064 1472 lucidum
1089 1432 1264 1483 negligat
1289 1432 1475 1480 ordinem,

110 1500 310 1539 laudatori
337 1513 491 1550 quoque
518 1500 559 1538 id
586 1501 774 1539 accidisse
802 1502 1056 1550 suspicamur.
1102 1500 1238 1549 Neque
1264 1501 1306 1538 in
1331 1500 1407 1538 hac
1433 1512 1476 1538 re

111 1567 295 1617 fallimur,
323 1567 366 1606 id
391 1567 496 1617 quod
524 1568 687 1618 singulis
703 1568 810 1609 ⁴loeis
838 1568 1106 1607 demonstrare
1133 1568 1210 1606 iam
1239 1566 1421 1606 conabor.

235 1637 290 1675 Ac
316 1638 485 1687 primum
522 1635 677 1685 quidem
716 1636 819 1675 iusto
848 1635 995 1675 diutius
1022 1635 1206 1675 laudator
1232 1638 1410 1674 moratur
1435 1635 1475 1673 in

110 1703 339 1744 enarrandis
367 1703 483 1743 rebus
512 1704 645 1754 gestis,
673 1716 774 1755 quae
801 1703 850 1743 ob
879 1716 964 1742 eam
997 1706 1152 1743 tantum
1180 1715 1339 1742 causam
1365 1715 1478 1754 prae-

109 1774 331 1819 mittuntur,
359 1786 437 1823 quo
463 1773 613 1821 melius,
644 1773 785 1822 quibus
811 1772 1021 1812 virtutibus
1048 1785 1118 1811 rex
1144 1773 1285 1811 ceteris
1311 1773 1477 1821 praesti—

108 1841 214 1889 terit,
245 1840 499 1891 intellegatur
512 1839 554 1892 ¹).
606 1840 847 1890 Quamquam
876 1840 997 1890 igitur
1032 1839 1218 1889 scriptori
1243 1838 1368 1877 multo
1395 1850 1477 1878 ma-

109 1909 168 1958 gis
195 1907 305 1947 cordi
331 1908 416 1955 fuit,
464 1920 592 1947 mores
620 1896 792 1957 Agesilai
835 1907 1065 1954 describere,
1092 1911 1225 1945 tamen
1251 1920 1315 1945 res
1342 1910 1474 1956 gestas

113 1975 232 2012 latius
260 1978 301 2013 et
327 1974 450 2013 fusius
478 1975 667 2024 exposuit,
695 1986 813 2023 quam
829 1975 935 2023 ipsas
954 1973 1127 2012 eiusdem
1155 1973 1333 2013 virtutes.
1360 1974 1476 2012 Prae—

108 2046 217 2082 terea
262 2042 546 2082 sententiarum
585 2055 706 2082 nexus
735 2040 968 2092 quibusdam
995 2041 1090 2081 locis
1119 2041 1372 2091 perturbatus
1401 2046 1472 2081 est.

108 2111 191 2149 Iam
220 2110 477 2149 Sohneiderus
509 2109 649 2150 verbaz
684 2106 867 2158 ἑλόμενος
900 2106 985 2147 ἀντὶ
1009 2111 1080 2146 τοῦ
1105 2108 1287 2158 μέγιστος
1313 2104 1412 2147 εἶναι
1439 2112 1476 2147 ἐν

106 2179 154 2229 τῇ
173 2172 288 2229 Ἀσίᾳ
313 2192 348 2218 κ.
373 2191 407 2216 τ.
433 2176 469 2218 λ.
498 2177 563 2230 (ΙΙ.
594 2176 674 2228 16.)
720 2176 848 2216 alieno
893 2176 979 2216 loco
1023 2177 1205 2227 apposita
1232 2181 1272 2216 et
1298 2190 1417 2228 supra
1443 2177 1472 2216 I.

109 2247 171 2285 36.
197 2245 422 2295 reponenda
450 2258 533 2284 esse
561 2245 712 2284 censuit
748 2257 874 2294 neque
901 2244 1082 2294 equidem
1110 2244 1234 2292 video,
1261 2244 1356 2294 quid
1383 2244 1474 2282 huie

108 2312 280 2363 opinioni
311 2313 395 2351 iure
431 2313 575 2363 opponi
608 2312 743 2365 possit,
798 2311 935 2361 Neque
968 2324 1037 2359 ea,
1074 2324 1175 2361 quae
1211 2311 1395 2362 leguntur
1421 2311 1472 2351 ΙΙ.

108 2382 174 2419 27:
221 2375 314 2428 ἄξια
356 2376 562 2429 θαύματος
586 2376 839 2432 διεπράξατο.
880 2377 921 2418 οἵ
944 2393 988 2417 τε
1013 2378 1088 2432 γὰρ
1116 2374 1158 2418 εὖ
1185 2394 1218 2416 κ.
1246 2393 1278 2417 τ.
1306 2379 1340 2417 λ.
1386 2392 1473 2418 cum

108 2447 428 2487 antecedentibus
461 2452 553 2499 apte
581 2448 809 2495 cohaerent,
838 2446 907 2486 sed
933 2447 1071 2485 referri
1098 2445 1293 2485 debebant
1321 2446 1371 2485 ad
1399 2447 1474 2484 ini-

237 2589 260 2630 1)
283 2589 334 2622 Cf.
356 2589 456 2630 Ages.
478 2589 504 2622 1.
525 2590 554 2620 6.
576 2588 635 2621 111.
659 2590 686 2620 1.

1148 2642 1171 2675 4
