1641 2866
794 142 846 182 32

134 269 226 303 sunt
253 265 400 314 laudes,
427 265 568 316 quibus
604 266 718 306 Iason
746 268 786 306 in
811 266 1061 319 Hellenicis1)
1089 266 1321 319 celebratur.
1378 267 1505 316 Atque

133 344 196 374 ea.
239 346 340 382 quae
368 333 415 372 de
445 326 545 384 Cyro
574 334 790 385 Xenophon
819 335 1015 386 exposuit,
1043 334 1226 373 laudator
1253 333 1418 373 fortasse
1445 346 1504 372 re-

132 402 270 450 spexit.
326 401 364 439 Is
392 402 581 451 singulari
610 402 780 452 quadam
808 402 1019 452 prudentia
1047 415 1206 440 suorum
1233 402 1504 451 sociorumque

132 480 303 506 amorem
343 467 416 507 sibi
458 468 653 515 conciliat,
664 470 694 519 ²)
740 470 779 508 in
813 470 886 518 iis,
933 482 1031 520 quae
1059 469 1202 508 bonum
1229 469 1505 519 imperatorem

133 536 315 581 efficiunt,
342 535 388 574 τὸ
416 534 629 583 ἐξαπατᾶν,
655 537 700 574 τὸ
728 535 942 585 λανθάνειν,
982 537 1028 574 τὸ
1056 534 1222 590 φθάνειν
1248 537 1339 575 talis
1366 540 1436 584 est,
1461 540 1505 574 ut

132 603 211 643 fere
248 615 448 653 nunquam
484 605 727 654 propositum
761 618 844 643 non
880 605 1170 656 exsequatur‚³)
1206 604 1370 654 denique
1398 615 1504 642 exer-

131 672 251 710 citum
278 672 413 712 ordine
441 674 675 712 instructum
703 687 790 712 cum
818 674 972 713 silentio
990 673 1201 724 procedere
1225 672 1343 711 iubet.
1356 673 1388 724 ⁴)

259 739 352 790 Cap.
373 740 458 779 VII.
501 741 620 779 Initio
650 742 790 791 capitis
819 742 975 792 septimi
994 741 1174 791 Agesilao
1201 740 1308 779 laudi
1326 740 1502 786 vertitur,

137 807 242 857 quod
256 821 383 857 neque
402 807 575 847 laborem
595 822 719 858 neque
733 809 909 859 pericula
924 808 1108 859 fugiebat,
1125 807 1280 857 quando
1295 821 1335 846 se
1350 808 1503 858 patriae

131 875 318 924 prodesse
352 888 465 925 posse
494 875 754 914 existimabat.
811 876 939 914 Verba
968 873 1086 921 ,τόνος
1114 880 1152 913 et
1177 874 1349 919 κίνδυνος
1375 874 1502 913 Xeno-

133 942 238 992 phon
267 955 497 992 componere
526 943 626 981 solet
653 947 811 993 tamque
825 956 940 993 saepe
963 942 1163 993 anaphora
1186 945 1267 988 πᾶς
1283 941 1355 991 μὲν
1368 938 1499 990 πόνος,

131 1013 212 1055 πᾶς
247 1008 290 1048 δὲ
323 1009 496 1057 κίνδυνος
522 1024 617 1050 usus
645 1015 722 1059 est,
764 1015 808 1049 ut
836 1011 1060 1061 diligentem
1091 1012 1173 1049 eius
1201 1010 1389 1049 librorum
1416 1023 1502 1061 per-

131 1081 388 1117 scrutatorem
417 1079 458 1116 id
485 1079 699 1129 praeterire
727 1092 804 1117 non
832 1082 975 1128 posset.
989 1079 1019 1130 ⁵)

255 1146 326 1185 His
353 1146 595 1196 adiungitur:
625 1144 670 1185 οὗ
702 1143 907 1199 χρημάτων
932 1163 965 1186 κ.
991 1161 1025 1188 τ.
1053 1147 1100 1196 λ.,
1129 1146 1271 1197 quibus
1298 1146 1426 1186 verbis
1453 1159 1500 1186 ea

131 1218 374 1263 repetuntur,
405 1227 505 1263 quae
533 1228 652 1264 supra
680 1215 786 1253 diota
814 1220 916 1254 sunt.
928 1216 959 1266 θ)
1007 1215 1155 1253 Deinde
1184 1215 1378 1261 laudator,
1407 1227 1501 1264 quo-

129 1281 245 1321 modo
274 1282 486 1332 Agesilaus·
507 1283 660 1332 patriae
677 1283 893 1332 civiumque
921 1282 1039 1322 saluti
1065 1282 1313 1331 consuluerit,
1341 1282 1500 1333 exponit

131 1351 283 1389 ratione
312 1349 593 1400 Xenophontis,
622 1350 690 1400 qui
719 1351 861 1401 Cyrum
890 1364 978 1389 eum
1007 1350 1184 1401 depinxit
1211 1363 1352 1400 regem,
1383 1351 1450 1400 qui
1476 1363 1500 1388 a

130 1418 211 1456 suis
245 1421 359 1467 pater
386 1417 653 1467 appellaretur
670 1417 700 1469 ⁷)
730 1421 769 1456 et
796 1418 879 1468 ipse
906 1417 1003 1456 haec
1032 1417 1195 1456 diceret:
1240 1413 1496 1470 παραπλήσια

129 1481 223 1537 ἔργα
249 1479 350 1523 εἶναι
377 1483 524 1532 νομέως
556 1482 710 1535 ἀγαθοῦ
741 1485 807 1524 καὶ
832 1484 1021 1534 βασιλέως
1047 1482 1202 1535 ἀγαθοῦ
1228 1508 1278 1513 -
1296 1484 1363 1523 τόν
1386 1486 1496 1534 βασι-

127 1551 196 1589 λέα
223 1552 393 1603 (χρῆναι)
422 1549 654 1600 εὐδαίμονας
681 1550 817 1598 πόλεις
842 1552 906 1590 καὶ
930 1548 1165 1604 ἀνθρώπους
1183 1554 1370 1593 ποιοῦντα
1380 1554 1495 1604 χρῆσ-

127 1622 199 1658 θαι
227 1615 415 1671 αὖτοῖς.3)
458 1620 579 1659 Porro
608 1633 693 1659 eum
722 1620 774 1659 ad
800 1633 955 1659 manum
984 1619 1165 1660 habuisse
1186 1619 1495 1659 Memorabilium

126 1687 219 1725 libri
244 1688 374 1737 quarti
403 1692 521 1738 caput
549 1691 732 1737 quartum
761 1701 808 1727 ex
835 1689 983 1726 ultimis
1010 1689 1043 1739 ξ.
1072 1691 1107 1726 3.
1137 1688 1262 1727 verbis
1290 1687 1404 1726 facile
1432 1700 1494 1726 co-

129 1756 341 1806 gnoscitur,
369 1768 470 1806 quae
498 1768 586 1795 cum
614 1757 646 1807 ξ.
673 1756 731 1796 16.
760 1756 865 1795 illius
893 1756 1032 1807 capitis
1059 1755 1157 1796 adeo
1181 1756 1423 1804 conveniunt,
1452 1760 1496 1794 ut

129 1824 423 1873 compilatorem
452 1837 528 1863 non
557 1837 768 1873 agnoscere
797 1838 1045 1875 nequeamus.

251 1890 333 1929 Iam
373 1890 524 1929 duobus
563 1891 749 1941 exemplis
777 1891 1063 1941 comprobatur,
1092 1895 1344 1947 quantopere¹
1363 1892 1495 1942 Agesi-

127 1959 212 1998 laus
257 1960 479 1998 universam
526 1959 644 1998 etiam
690 1961 880 1999 amaverit
926 1960 1143 2000 Graeciam.
1212 1960 1316 2008 Quot
1356 1959 1495 1999 Graeci

126 2026 275 2078 proelio
319 2026 569 2066 Corinthiaco
607 2028 723 2067 occisi
763 2031 912 2083 essent2
949 2027 1165 2079 Xenophon
1203 2029 1243 2067 in
1285 2027 1495 2067 Hellenicis

252 2176 277 2214 1)
299 2174 385 2209 Heu.
408 2175 463 2208 VI.
488 2177 517 2209 1.
540 2175 589 2209 15.

249 2233 275 2274 2)
298 2232 371 2275 Cyr.
392 2233 420 2267 1.
443 2235 470 2265 1.
492 2233 523 2266 3.
545 2236 579 2265 et
599 2232 672 2266 V11.
696 2235 723 2265 1.
745 2234 795 2266 30.

249 2291 277 2330 ³)
300 2289 348 2323 Cf.
373 2289 489 2332 Cyrop.
512 2290 570 2323 ΙΙΙ.
592 2292 621 2324 1.
646 2290 695 2324 19.

249 2349 277 2385 ⁴)
302 2346 419 2389 Cyrop.
442 2347 482 2381 V.
504 2347 535 2381 3.
555 2348 607 2381 43.
630 2351 663 2380 et
684 2348 734 2381 53.

248 2406 276 2446 ⁵)
298 2403 413 2447 Cyrop.
439 2405 464 2438 I.
487 2405 516 2439 2.
539 2406 568 2439 1.
600 2406 625 2439 Ι.
647 2407 676 2438 5.
703 2406 741 2438 13
781 2406 828 2438 ΙΙΙ
861 2406 892 2440 3.
913 2407 952 2438 51
976 2409 1008 2438 et
1029 2406 1107 2440 alibi
1130 2406 1334 2448 saepissime.

248 2463 274 2501 6)
298 2463 396 2503 Ages.
418 2463 462 2496 11.
482 2463 532 2496 25.

248 2521 276 2561 ⁷)
298 2515 414 2562 Cyro'p.
436 2520 528 2553 VIIL
551 2521 579 2554 2.
603 2522 631 2553 9.

249 2579 275 2619 8)
297 2576 412 2620 Cyrop.
434 2577 520 2611 V111.
544 2579 572 2610 2.
597 2579 646 2612 14.
