1641 2866
775 156 826 195 24

123 280 329 330 utriusque
367 277 458 318 libri
495 278 791 320 similitudinem
829 292 944 320 caeco
981 279 1134 319 cuidam
1173 280 1353 320 fortunae
1384 280 1487 320 lusui

119 346 418 387 adscribendam
446 348 558 387 esse?
1032 345 1034 348 ’
1344 336 1345 339 “

242 415 341 455 Tum
368 415 421 455 ad
446 416 724 466 narrationem,
755 416 856 457 unde
884 416 1082 467 digressus
1109 421 1206 466 erat,
1234 418 1403 468 scriptor
1430 418 1487 457 ita

118 482 233 532 redit,
260 487 305 522 ut
331 495 502 534 pugnam
530 483 636 535 apud
661 484 876 524 Coroneam
901 485 1060 534 factam,
1085 485 1219 536 paucis
1243 484 1358 524 modo
1389 486 1488 524 vari-

120 551 219 599 atis,
259 551 549 602 Xenophonteis
584 553 778 592 coloribus
809 553 1006 603 depingat.
1023 554 1054 603 ¹)
1107 552 1191 591 Illis
1219 565 1260 591 se
1287 552 1402 591 rebus
1430 553 1488 591 in-

119 618 303 658 terfuisse
336 617 553 670 Xenophon
590 620 630 659 in
669 619 881 673 Anabasi')
916 619 1102 668 tradidit,
1138 619 1241 659 unde
1274 619 1347 659 hoc
1382 619 1487 659 haud

122 685 239 726 dubie
267 686 450 726 laudator
479 687 731 739 deprompsit.
774 688 863 727 Alia
890 701 991 739 quae
1018 687 1154 727 addita
1180 692 1283 734 sunt,
1312 687 1487 738 quamvis

118 754 252 806 aliqua
280 755 419 794 saltem
447 769 494 794 ox
520 759 633 807 parte
663 755 805 796 similia
834 757 912 796 sint
936 756 997 804 iis,
1026 768 1127 806 quae
1145 756 1185 795 in
1205 754 1485 807 Cyropaedia³)

117 836 273 873 pugnae
310 823 563 874 descriptioni
597 825 748 863 inserta
776 828 889 869 sunt,
930 824 987 863 ita
1014 828 1146 863 tamen
1174 827 1264 862 sunt
1307 823 1486 869 formata,

117 894 163 929 ut
189 891 387 930 rhetorem
413 891 594 941 protinus
620 904 821 942 agnoscas.

242 958 370 1009 Pergo
397 958 449 998 ad
475 960 674 1009 proximas
700 960 970 1010 paragraphus
1003 961 1163 999 17—20.

244 1026 397 1065 Bellum
434 1026 725 1066 Corinthiacum
759 1028 801 1066 in
837 1027 1048 1066 Hellenicis
1056 1027 1090 1079 ⁴)
1125 1026 1249 1066 fusius
1282 1030 1486 1066 narratum

117 1093 171 1134 ad
197 1094 359 1134 verbum
385 1099 564 1146 repetere
593 1096 795 1146 scriptoris
823 1095 984 1135 consilio
1012 1108 1090 1135 non
1118 1096 1309 1143 convenit,
1339 1096 1485 1145 repetit

117 1164 250 1200 autem
287 1162 359 1209 sic,
397 1167 441 1200 ut
479 1175 525 1200 cx
557 1163 704 1201 maiore
736 1175 867 1201 rerum
900 1163 1013 1213 copia
1045 1175 1132 1201 eum
1166 1166 1260 1212 apta
1289 1161 1483 1201 delibasse

116 1229 214 1269 satis
241 1233 439 1286 appareat.
497 1229 628 1270 Etiam
664 1229 783 1270 verba
820 1231 1002 1270 encomii:
1045 1229 1095 1268 τὰ
1130 1229 1196 1269 ἐπὶ
1234 1229 1280 1268 τὸ
1313 1228 1487 1279 Λέχαιον

116 1296 289 1336 τείνοντα
324 1296 432 1348 τείχη
461 1311 508 1335 ex
535 1297 625 1337 hist.
655 1298 793 1337 Graec.
823 1297 889 1336 lv.
916 1298 953 1338 4.
985 1301 1025 1336 7:
1058 1296 1108 1336 τὰ
1133 1296 1400 1336 κατατείνοντα
1417 1295 1487 1336 ἐπὶ

115 1363 290 1416 Λέχαιον
322 1363 433 1417 τείχη
461 1378 547 1405 eum
575 1370 798 1406 mutuatum
826 1379 909 1406 esse
937 1366 1150 1417 intelleges
1206 1365 1382 1416 Denique
1409 1378 1485 1405 em-

115 1435 272 1484 porium
307 1433 423 1481 illud.
463 1434 523 1471 cui
557 1446 698 1472 nomen
734 1437 820 1473 erat
854 1433 1028 1481 Creusis‚
1072 1446 1189 1483 quum
1227 1433 1276 1472 de
1310 1445 1355 1472 eo
1383 1433 1487 1483 apud

117 1513 249 1540 rerum
276 1505 521 1540 narratorem
550 1502 705 1552 saepius
733 1514 859 1541 sermo
888 1501 940 1540 sit
952 1500 996 1552 ⁵),
1024 1501 1165 1539 mirum
1185 1512 1263 1540 non
1282 1503 1353 1549 est,
1385 1500 1489 1551 quod

119 1569 183 1607 hic
219 1581 373 1618 quoque
410 1573 659 1607 memoratur.
717 1569 903 1607 Similiter
941 1569 1196 1619 copiosiorem
1220 1568 1487 1607 narrationem

119 1649 275 1687 pugnae
303 1649 390 1675 cum
421 1636 650 1675 Acarnaniis
683 1637 911 1675 commissae
938 1635 1121 1675 laudator
1147 1636 1189 1674 in
1215 1634 1371 1674 brevius
1400 1648 1490 1681 con-

117 1704 242 1742 traxit
269 1704 322 1756 (§.
359 1704 452 1754 20.)‚
493 1703 760 1754 Xenophontis
803 1702 918 1742 verba
950 1707 1020 1742 aut
1051 1702 1189 1742 leviter
1220 1706 1376 1741 mutans
1417 1706 1487 1742 aut

118 1772 274 1812 omnino
302 1771 528 1823 retinens.⁶)
563 1770 702 1811 Verbis
729 1771 795 1810 καὶ
822 1768 866 1810 οὗ
893 1767 1084 1824 πρότερον
1110 1767 1222 1822 ἔληξε
1248 1770 1341 1823 πρὶν
1353 1785 1387 1810 κ.
1400 1784 1434 1809 τ.
1452 1770 1487 1811 λ.

118 1840 246 1879 altera
273 1839 470 1879 indicatur
491 1839 662 1890 Agesilai
690 1840 730 1878 in
750 1840 1013 1879 Acarnaniam
1030 1839 1192 1888 invasio,
1221 1851 1339 1890 quam
1357 1838 1483 1878 Xeno-

113 1909 219 1959 phon
244 1908 306 1948 his
334 1907 461 1948 verbis
490 1909 693 1948 terminat:
722 1908 787 1947 καὶ
813 1904 965 1961 εἰρήνην
981 1908 1054 1957 μὲν
1066 1907 1168 1960 πρὸς
1184 1906 1277 1953 τούς
1290 1904 1486 1957 Ἀχαιούς,

114 1975 338 2026 συμμαχίαν
377 1975 418 2014 δὲ
451 1975 552 2027 πρὸς
586 1974 679 2021 τούς
710 1974 1049 2025 Λακεδαιμονίους
1082 1972 1327 2028 ἐποιήσαντο.
1340 1975 1370 2027 ⁷)
1425 1974 1486 2014 Ad

113 2044 184 2085 hos
219 2045 469 2096 potissimum
508 2045 615 2084 locos
651 2045 678 2083 ii
713 2049 891 2096 spectare
926 2043 1137 2092 debebant,
1165 2045 1232 2094 qui
1261 2044 1485 2094 Agesilaum

113 2113 222 2162 prius
250 2125 369 2162 quam
397 2112 600 2151 Hellenica
628 2112 886 2163 compositum
915 2124 999 2151 esse
1027 2111 1277 2151 contendunt.
1313 2112 1486 2151 Acarna-

242 2245 265 2282 ¹)
288 2243 374 2277 Heu,
396 2244 453 2276 IV.
475 2246 505 2275 3.
529 2242 660 2274 15-22.

234 2301 262 2339 2)
286 2298 333 2334 Cf.
354 2300 460 2334 Anah.
481 2299 520 2332 V.
542 2301 573 2332 3.
594 2299 623 2331 6.
656 2298 706 2331 De
726 2298 790 2331 hoc
809 2298 881 2331 loco
901 2297 976 2331 vide
987 2298 1126 2340 Kruger.
1139 2298 1195 2331 vit.
1211 2297 1361 2341 Xenoph.
1378 2308 1410 2341 p.
1425 2298 1482 2331 22.

237 2361 264 2396 ⁸)
288 2357 402 2399 Cyrop.
426 2357 498 2390 VII.
525 2359 552 2390 1.
574 2357 615 2389 25
637 2360 671 2389 et
691 2356 742 2389 35.

236 2416 262 2456 4)
284 2414 367 2447 Hell.
393 2414 448 2449 IV.
471 2415 499 2448 4.
524 2414 572 2446 19.
601 2433 635 2438 ⁷-
659 2414 696 2447 V.
720 2416 748 2446 5.
770 2414 800 2446 5.

236 2475 264 2515 τ»)
285 2473 340 2505 1v.
362 2473 390 2505 5.
416 2473 462 2505 ιο.
493 2475 525 2506 v.
547 2472 576 2506 4.
602 2474 649 2505 16.
673 2471 722 2505 eo.
744 2472 799 2504 vi.
821 2473 852 2505 4.
873 2475 902 2504 3.

235 2532 263 2572 ε)
284 2531 339 2563 1v.
363 2533 393 2564 6.
416 2531 444 2563 1.
467 2530 496 2564 3.
519 2533 549 2563 9.
574 2530 625 2563 12.

237 2590 264 2628 ⁷)
286 2588 340 2623 IV.
366 2591 391 2620 7,
416 2589 443 2621 1.
