1641 2866
779 135 826 170 14

113 258 195 295 ruit
223 257 467 304 Plutarchus,
504 270 622 306 quam
649 257 771 307 ipsius
798 256 999 295 Plutarchi
1026 257 1165 311 vitium*
1192 257 1239 294 H.
1269 257 1315 297 L.
1341 257 1484 295 Heere-

120 325 206 364 nius
233 328 340 364 recte
368 324 482 374 dicit,
516 325 680 376 „quippe
707 324 775 364 ubi
802 338 958 365 severae
986 324 1140 365 critices
1157 324 1275 377 leges,
1297 338 1395 377 quas
1412 337 1484 365 nos

113 393 378 432 observandas
405 393 722 443 praescribimus,
750 407 822 433 nec
851 394 947 432 satis
965 393 1145 443 cognitae
1163 405 1235 432 nec
1254 393 1482 432 observatae

113 464 276 501 essent.“
296 460 326 512 ¹)
381 461 619 512 Magnopere
647 461 767 511 igitur
795 461 1009 500 cavendum
1037 463 1109 507 est,
1138 474 1185 500 ne
1212 461 1328 500 nimis
1355 460 1482 500 securi

112 529 173 567 his
201 529 240 566 in
267 529 386 567 rebus
413 529 625 568 Plutarcho
652 529 768 568 fidem
796 525 1022 568 habeamus.

237 597 471 648 Appellatur
504 598 621 637 etiam
660 599 877 637 auctorit-as
907 597 1088 637 Aristidis
1121 597 1308 643 rhetoris,
1346 597 1414 647 qui
1448 596 1482 635 si

114 666 203 714 quis
239 665 339 704 alius
367 670 554 705 accurata
580 666 819 706 Graecarum
847 668 1049 706 literarum
1077 667 1296 716 cognitione
1322 665 1483 704 excelle-

113 731 182 771 bat
218 745 343 783 neque
378 734 476 781 artis
513 734 673 773 criticae
705 734 815 774 rudis
849 734 934 775 fuit.
989 735 1111 773 Immo
1147 747 1258 782 vern,
1280 732 1404 791 ⁶quod
1430 731 1482 772 ad

112 813 328 840 sermonem
366 803 530 850 attinet,
570 815 658 840 eum
698 804 881 852 antiquos
912 804 1121 853 scriptores
1148 802 1246 840 bene
1273 802 1480 840 aestimare

114 867 301 918 potuisse,
330 882 377 908 ex
403 869 548 909 iudicio
575 870 623 909 de
656 870 929 910 Demosthenis
958 870 1127 909 dictione
1154 869 1337 909 facillime
1366 867 1481 907 colle-

111 937 229 985 gitur.
268 937 344 975 Sed
373 950 493 986 quum
521 938 569 976 de
598 939 703 976 omni
731 938 809 977 alia
837 951 879 977 re
906 938 1049 988 potius,
1078 950 1193 987 quam
1223 937 1271 975 de
1298 937 1374 975 fide
1401 941 1480 974 tra-

111 1002 282 1042 ditorum
316 1018 477 1056 operum
513 1005 703 1045 sollicitus
732 1008 850 1052 esset,
886 1018 962 1044 non
1005 1005 1123 1044 semel
1150 1005 1190 1043 in
1218 1016 1387 1043 errorem
1415 1003 1481 1041 de-

112 1072 252 1112 ductus
291 1077 363 1113 est.
418 1074 556 1123 Itaque
595 1074 628 1112 si
661 1073 710 1112 de
750 1074 898 1123 origine
938 1073 1105 1112 alicuius
1132 1072 1221 1111 libri
1262 1071 1477 1118 dubitat-ur,

112 1140 194 1178 eius
218 1140 363 1179 iudicio
391 1144 618 1179 contentum
646 1153 730 1179 esse
757 1153 834 1180 non
862 1140 966 1180 licet.
1021 1139 1151 1186 Quid?
1179 1139 1281 1190 quod
1312 1139 1478 1189 Spenge—

108 1209 184 1248 lius
213 1208 260 1248 de
288 1208 388 1248 libro
416 1209 509 1260 περὶ
537 1206 708 1261 ἀφελοῦς
734 1206 869 1260 λόγου,
897 1210 937 1248 in
966 1223 1044 1259 quo
1071 1209 1337 1248 testimonium
1366 1208 1478 1254 inest,

110 1276 206 1315 haec
242 1275 450 1315 iudicavit:
503 1276 716 1325 „Aristides
754 1289 805 1316 an
852 1276 903 1316 sit
939 1279 1078 1316 auctor
1112 1275 1226 1315 huius
1266 1274 1374 1324 libri,
1407 1278 1477 1323 est,

109 1345 215 1396 quod
255 1345 431 1394 dubites;
466 1348 529 1386 vix
563 1347 666 1386 hunc
701 1351 898 1386 oratorem
938 1346 1102 1386 multum
1136 1346 1184 1384 de
1211 1344 1478 1395 Xenophontis

108 1412 265 1451 dicendi
291 1413 417 1463 figura
445 1415 682 1464 quaesivisse
711 1414 848 1453 credas
875 1417 916 1453 et
941 1414 1006 1452 hic
1032 1413 1132 1452 liber
1158 1425 1235 1451 non
1254 1411 1369 1450 modo
1387 1415 1477 1462 post

109 1480 393 1532 Hermogenem
438 1483 605 1533 scriptus
652 1487 712 1521 est
728 1514 737 1531 ‚
783 1482 852 1521 sed
889 1483 1023 1521 insunt
1060 1482 1203 1530 etiam,
1250 1493 1349 1530 quae
1390 1492 1479 1518 con-

110 1551 175 1587 tra
202 1548 305 1587 hunc
333 1549 440 1587 dicta
467 1550 629 1600 sunt.“²)
658 1549 857 1599 Quidquid
884 1549 932 1588 de
958 1549 1032 1588 hac
1059 1561 1101 1587 re
1131 1547 1381 1587 statuendum
1406 1549 1476 1594 est,

67 1612 83 1622 ’
108 1615 223 1656 huius
267 1630 422 1668 quoque
460 1618 660 1669 scriptoris
695 1618 974 1658 auctoritatem
1009 1619 1200 1658 incertam
1240 1629 1323 1657 esse
1363 1628 1475 1654 nemo

108 1697 187 1723 non
214 1685 331 1725 videt.

235 1752 411 1804 Denique
439 1753 487 1793 de
515 1753 737 1803 Athenaeo,
774 1754 821 1794 de
849 1754 1007 1794 Polluce
1022 1785 1031 1803 ‚
1072 1754 1120 1793 de
1148 1752 1356 1793 Eustathio
1380 1784 1389 1801 ‚
1430 1752 1478 1792 de

111 1819 290 1868 Stobaeo,
319 1821 367 1859 de
396 1821 672 1861 Grammaticis
699 1823 927 1872 posterioris
952 1822 1139 1873 temporis
1151 1821 1182 1872 ³)
1213 1820 1332 1859 verba
1349 1820 1477 1860 facere

108 1887 171 1927 vix
204 1900 303 1939 opus
341 1891 412 1928 est.
468 1889 518 1928 Hi
552 1889 655 1929 enim
684 1903 838 1940 omnes,
876 1891 918 1929 in
945 1889 1086 1941 quibus
1114 1902 1175 1929 res
1203 1888 1478 1929 memorabiles

109 1956 342 2006 congerendi
383 1956 555 1996 studium
596 1959 720 2008 magis
756 1958 1009 2009 conspicuum
1046 1957 1120 1997 fuit
1135 1988 1144 2006 ‚
1194 1970 1311 2008 quam
1343 1957 1479 1996 iudicii

107 2023 224 2072 acies,
253 2036 298 2063 eo
325 2025 388 2063 usi
416 2028 509 2064 sunt
535 2027 702 2075 nomine,
733 2026 839 2077 quod
866 2026 1046 2078 Agesilao
1072 2025 1287 2077 praefixum
1304 2026 1478 2077 ipsorum

108 2095 239 2132 aetate
276 2091 476 2132 ferebatur
508 2107 633 2145 neque
670 2095 769 2134 adeo
796 2095 837 2134 in
864 2094 1147 2134 dubitationem
1174 2097 1352 2134 vocatum
1381 2098 1477 2142 erat,

107 2163 151 2197 ut
177 2160 255 2198 illis
283 2161 488 2210 scrupulus
514 2163 754 2201 inficeretur.

232 2228 361 2278 Atque
375 2227 472 2268 haec
482 2229 514 2282 ⁴)
531 2233 622 2269 sunt
632 2232 808 2270 veterum
824 2230 1057 2282 scriptorum
1067 2230 1302 2280 testimonia,
1317 2243 1478 2270 numero

106 2294 176 2334 illa
203 2295 361 2346 quidem
388 2298 569 2349 insignia,
599 2298 668 2337 sed
697 2298 746 2338 ob
774 2298 932 2338 dubiam
948 2299 1226 2338 auctoritatem
1248 2298 1323 2338 fide
1342 2303 1479 2340 nostra

235 2403 258 2443 l)
280 2402 330 2435 De
352 2402 465 2436 fontib.
489 2408 522 2436 et
543 2404 690 2437 auctorit.
714 2404 772 2437 vit.
792 2405 908 2447 parall.
931 2405 1017 2437 Plut.
1039 2415 1072 2446 p.
1096 2405 1142 2436 26,

231 2463 256 2498 ·-’)
280 2460 440 2494 Rhetores
463 2462 580 2502 graeci.
604 2462 666 2495 vol.
688 2462 729 2494 11.
750 2472 782 2504 p.
804 2462 892 2495 XIX.

231 2518 258 2557 ³)
281 2517 330 2550 Cf.
353 2517 490 2550 Beckeri
514 2518 673 2551 Anecdot.
696 2529 729 2560 p.
751 2519 824 2552 336.
846 2522 880 2551 et
900 2530 932 2560 p.
948 2519 1026 2558 ⁴400·

232 2574 259 2614 ⁴)
282 2573 372 2613 Quod
406 2575 445 2607 de
468 2575 666 2608 Dicaearcho
687 2576 855 2618 Hagenius
878 2576 909 2607 in
935 2575 1161 2608 dissertatione
1184 2575 1224 2608 de
1248 2576 1399 2617 Agesilao
1423 2576 1476 2618 qui
