<?xml version="1.0" encoding="UTF-8"?>
<!DOCTYPE html PUBLIC "-//W3C//DTD XHTML 1.0 Transitional//EN"
    "http://www.w3.org/TR/xhtml1/DTD/xhtml1-transitional.dtd">
<html xmlns="http://www.w3.org/1999/xhtml" xml:lang="en" lang="en">
 <head>
  <title>
</title>
<meta http-equiv="Content-Type" content="text/html;charset=utf-8" />
  <meta name='ocr-system' content='tesseract 3.04.00' />
  <meta name='ocr-capabilities' content='ocr_page ocr_carea ocr_par ocr_line ocrx_word'/>
</head>
<body>
  <div class='ocr_page' id='page_1' title='image "4737326_0026.png"; bbox 0 0 1641 2866; ppageno 0'>
   <div class='ocr_carea' id='block_1_1' title="bbox 797 141 863 196">
    <p class='ocr_par' dir='ltr' id='par_1_1' title="bbox 797 141 863 196">
     <span class='ocr_line' id='line_1_1' title="bbox 797 141 863 196; baseline 0 -50"><span class='ocrx_word' id='word_1_1' title='bbox 797 141 863 196; x_wconf 55' lang='lat'><strong>³20</strong></span> 
     </span>
    </p>
   </div>
   <div class='ocr_carea' id='block_1_2' title="bbox 708 208 952 219">
    <p class='ocr_par' dir='ltr' id='par_1_2' title="bbox 708 208 952 219">
     <span class='ocr_line' id='line_1_2' title="bbox 708 208 952 219; baseline 0 0"><span class='ocrx_word' id='word_1_2' title='bbox 708 208 952 219; x_wconf 95' lang='lat' dir='ltr'><strong> </strong></span> 
     </span>
    </p>
   </div>
   <div class='ocr_carea' id='block_1_3' title="bbox 142 280 1513 671">
    <p class='ocr_par' dir='ltr' id='par_1_3' title="bbox 142 280 1513 671">
     <span class='ocr_line' id='line_1_3' title="bbox 271 280 1513 332; baseline 0 -13"><span class='ocrx_word' id='word_1_3' title='bbox 271 280 502 320; x_wconf 85' lang='lat' dir='ltr'>Huiusmodi</span> <span class='ocrx_word' id='word_1_4' title='bbox 533 282 721 331; x_wconf 83' lang='lat' dir='ltr'><strong>exempla,</strong></span> <span class='ocrx_word' id='word_1_5' title='bbox 749 293 849 331; x_wconf 88' lang='lat' dir='ltr'><strong>quae</strong></span> <span class='ocrx_word' id='word_1_6' title='bbox 876 284 1025 331; x_wconf 88' lang='lat' dir='ltr'><strong>quanta</strong></span> <span class='ocrx_word' id='word_1_7' title='bbox 1051 281 1255 331; x_wconf 87' lang='lat' dir='ltr'><strong>qualisque</strong></span> <span class='ocrx_word' id='word_1_8' title='bbox 1272 281 1376 320; x_wconf 89' lang='lat' dir='ltr'><strong>inter</strong></span> <span class='ocrx_word' id='word_1_9' title='bbox 1397 294 1513 332; x_wconf 85' lang='lat' dir='ltr'><strong>pares</strong></span> 
     </span>
     <span class='ocr_line' id='line_1_4' title="bbox 147 336 1511 399; baseline 0.001 -13"><span class='ocrx_word' id='word_1_10' title='bbox 147 347 254 387; x_wconf 89' lang='lat' dir='ltr'><strong>locos</strong></span> <span class='ocrx_word' id='word_1_11' title='bbox 282 347 504 388; x_wconf 86' lang='lat' dir='ltr'><strong>differentia</strong></span> <span class='ocrx_word' id='word_1_12' title='bbox 525 349 587 397; x_wconf 90' lang='lat' dir='ltr'><strong>sit,</strong></span> <span class='ocrx_word' id='word_1_13' title='bbox 607 348 832 397; x_wconf 87' lang='lat' dir='ltr'><strong>ostendunt,</strong></span> <span class='ocrx_word' id='word_1_14' title='bbox 853 336 973 399; x_wconf 75' lang='lat' dir='ltr'><strong>quum</strong></span> <span class='ocrx_word' id='word_1_15' title='bbox 991 348 1187 399; x_wconf 88' lang='lat' dir='ltr'><strong>permulta</strong></span> <span class='ocrx_word' id='word_1_16' title='bbox 1204 348 1356 399; x_wconf 83' lang='lat' dir='ltr'>possint</span> <span class='ocrx_word' id='word_1_17' title='bbox 1369 348 1511 397; x_wconf 85' lang='lat' dir='ltr'><strong>afferri,</strong></span> 
     </span>
     <span class='ocr_line' id='line_1_5' title="bbox 145 415 1512 467; baseline 0.001 -13"><span class='ocrx_word' id='word_1_18' title='bbox 145 428 216 465; x_wconf 92' lang='lat' dir='ltr'><strong>pro</strong></span> <span class='ocrx_word' id='word_1_19' title='bbox 259 420 366 455; x_wconf 91' lang='lat' dir='ltr'><strong>certo</strong></span> <span class='ocrx_word' id='word_1_20' title='bbox 403 417 542 467; x_wconf 86' lang='lat' dir='ltr'>opinor</span> <span class='ocrx_word' id='word_1_21' title='bbox 581 415 772 456; x_wconf 85' lang='lat' dir='ltr'><strong>affirmari</strong></span> <span class='ocrx_word' id='word_1_22' title='bbox 806 417 915 465; x_wconf 89' lang='lat' dir='ltr'><strong>licet,</strong></span> <span class='ocrx_word' id='word_1_23' title='bbox 952 420 1042 467; x_wconf 88' lang='lat' dir='ltr'><strong>post</strong></span> <span class='ocrx_word' id='word_1_24' title='bbox 1080 417 1284 456; x_wconf 81' lang='lat' dir='ltr'><strong>historiam</strong></span> <span class='ocrx_word' id='word_1_25' title='bbox 1321 416 1512 456; x_wconf 82' lang='lat' dir='ltr'>Graecam</span> 
     </span>
     <span class='ocr_line' id='line_1_6' title="bbox 145 483 1511 535; baseline 0.001 -14"><span class='ocrx_word' id='word_1_26' title='bbox 145 484 362 522; x_wconf 86' lang='lat' dir='ltr'><strong>encomium</strong></span> <span class='ocrx_word' id='word_1_27' title='bbox 390 485 649 535; x_wconf 89' lang='lat' dir='ltr'><strong>compositum</strong></span> <span class='ocrx_word' id='word_1_28' title='bbox 677 497 772 523; x_wconf 89' lang='lat' dir='ltr'><strong>esse.</strong></span> <span class='ocrx_word' id='word_1_29' title='bbox 814 484 899 531; x_wconf 87' lang='lat' dir='ltr'><strong>Qua</strong></span> <span class='ocrx_word' id='word_1_30' title='bbox 926 485 966 523; x_wconf 90' lang='lat' dir='ltr'><strong>in</strong></span> <span class='ocrx_word' id='word_1_31' title='bbox 990 497 1031 523; x_wconf 90' lang='lat' dir='ltr'><strong>re</strong></span> <span class='ocrx_word' id='word_1_32' title='bbox 1051 496 1199 523; x_wconf 89' lang='lat' dir='ltr'><strong>mecum</strong></span> <span class='ocrx_word' id='word_1_33' title='bbox 1219 483 1370 522; x_wconf 86' lang='lat' dir='ltr'><strong>faciunt</strong></span> <span class='ocrx_word' id='word_1_34' title='bbox 1387 496 1511 535; x_wconf 85' lang='lat' dir='ltr'><strong>paene</strong></span> 
     </span>
     <span class='ocr_line' id='line_1_7' title="bbox 144 552 1511 604; baseline -0.001 -13"><span class='ocrx_word' id='word_1_35' title='bbox 144 565 277 591; x_wconf 90' lang='lat' dir='ltr'><strong>omnes</strong></span> <span class='ocrx_word' id='word_1_36' title='bbox 306 553 477 603; x_wconf 82' lang='lat' dir='ltr'><strong>Agesilai</strong></span> <span class='ocrx_word' id='word_1_37' title='bbox 504 553 674 592; x_wconf 78' lang='lat' dir='ltr'><strong>editores</strong></span> <span class='ocrx_word' id='word_1_38' title='bbox 700 555 872 603; x_wconf 81' lang='lat' dir='ltr'><strong>itemque</strong></span> <span class='ocrx_word' id='word_1_39' title='bbox 901 552 1126 604; x_wconf 79' lang='lat' dir='ltr'><strong>cauerus1),</strong></span> <span class='ocrx_word' id='word_1_40' title='bbox 1155 565 1390 602; x_wconf 87' lang='lat' dir='ltr'><strong>quamquam</strong></span> <span class='ocrx_word' id='word_1_41' title='bbox 1416 564 1511 590; x_wconf 89' lang='lat' dir='ltr'><strong>non-</strong></span> 
     </span>
     <span class='ocr_line' id='line_1_8' title="bbox 142 616 1510 671; baseline 0 -13"><span class='ocrx_word' id='word_1_42' title='bbox 142 620 251 659; x_wconf 86' lang='lat' dir='ltr'><strong>nulla</strong></span> <span class='ocrx_word' id='word_1_43' title='bbox 270 620 483 670; x_wconf 84' lang='lat' dir='ltr'><strong>speciosius</strong></span> <span class='ocrx_word' id='word_1_44' title='bbox 500 621 679 671; x_wconf 90' lang='lat' dir='ltr'><strong>protulit,</strong></span> <span class='ocrx_word' id='word_1_45' title='bbox 710 633 826 671; x_wconf 91' lang='lat' dir='ltr'><strong>quam</strong></span> <span class='ocrx_word' id='word_1_46' title='bbox 847 621 987 668; x_wconf 81' lang='lat' dir='ltr'><strong>verius,</strong></span> <span class='ocrx_word' id='word_1_47' title='bbox 1016 619 1068 659; x_wconf 89' lang='lat' dir='ltr'><strong>ad</strong></span> <span class='ocrx_word' id='word_1_48' title='bbox 1088 632 1186 670; x_wconf 90' lang='lat' dir='ltr'><strong>quos</strong></span> <span class='ocrx_word' id='word_1_49' title='bbox 1204 616 1378 670; x_wconf 82' lang='lat' dir='ltr'><strong>relegare</strong></span> <span class='ocrx_word' id='word_1_50' title='bbox 1395 619 1510 658; x_wconf 86' lang='lat' dir='ltr'><strong>velim</strong></span> 
     </span>
    </p>
   </div>
   <div class='ocr_carea' id='block_1_4' title="bbox 142 687 1509 804">
    <p class='ocr_par' dir='ltr' id='par_1_4' title="bbox 142 687 1509 804">
     <span class='ocr_line' id='line_1_9' title="bbox 142 687 536 728; baseline 0.008 -3"><span class='ocrx_word' id='word_1_51' title='bbox 142 687 267 726; x_wconf 88' lang='lat' dir='ltr'><strong>adhuc</strong></span> <span class='ocrx_word' id='word_1_52' title='bbox 296 687 536 728; x_wconf 79' lang='lat' dir='ltr'><strong>dubitantes.</strong></span> 
     </span>
     <span class='ocr_line' id='line_1_10' title="bbox 267 755 1509 804; baseline -0.002 -9"><span class='ocrx_word' id='word_1_53' title='bbox 267 755 343 795; x_wconf 87' lang='lat' dir='ltr'><strong>Sed</strong></span> <span class='ocrx_word' id='word_1_54' title='bbox 383 759 427 795; x_wconf 90' lang='lat' dir='ltr'><strong>ut</strong></span> <span class='ocrx_word' id='word_1_55' title='bbox 462 756 565 795; x_wconf 91' lang='lat' dir='ltr'><strong>unde</strong></span> <span class='ocrx_word' id='word_1_56' title='bbox 600 756 846 804; x_wconf 84' lang='lat' dir='ltr'><strong>defleximus,</strong></span> <span class='ocrx_word' id='word_1_57' title='bbox 889 756 1113 802; x_wconf 81' lang='lat' dir='ltr'><strong>redeamus,</strong></span> <span class='ocrx_word' id='word_1_58' title='bbox 1150 767 1251 794; x_wconf 89' lang='lat' dir='ltr'><strong>nunc</strong></span> <span class='ocrx_word' id='word_1_59' title='bbox 1286 755 1509 794; x_wconf 80' lang='lat' dir='ltr'><strong>accuratius</strong></span> 
     </span>
    </p>
   </div>
   <div class='ocr_carea' id='block_1_5' title="bbox 134 822 1509 1418">
    <p class='ocr_par' dir='ltr' id='par_1_5' title="bbox 134 822 1509 1418">
     <span class='ocr_line' id='line_1_11' title="bbox 142 822 1509 874; baseline 0 -13"><span class='ocrx_word' id='word_1_60' title='bbox 142 823 398 873; x_wconf 88' lang='lat' dir='ltr'><strong>inquiramus,</strong></span> <span class='ocrx_word' id='word_1_61' title='bbox 427 836 528 874; x_wconf 87' lang='lat' dir='ltr'><strong>quae</strong></span> <span class='ocrx_word' id='word_1_62' title='bbox 556 837 603 863; x_wconf 84' lang='lat' dir='ltr'><strong>ex</strong></span> <span class='ocrx_word' id='word_1_63' title='bbox 621 823 834 863; x_wconf 90' lang='lat' dir='ltr'><strong>Hellenicis</strong></span> <span class='ocrx_word' id='word_1_64' title='bbox 862 823 1095 874; x_wconf 90' lang='lat' dir='ltr'><strong>deprompta</strong></span> <span class='ocrx_word' id='word_1_65' title='bbox 1122 823 1210 862; x_wconf 89' lang='lat' dir='ltr'><strong>sint.</strong></span> <span class='ocrx_word' id='word_1_66' title='bbox 1249 822 1344 862; x_wconf 90' lang='lat' dir='ltr'><strong>Inde</strong></span> <span class='ocrx_word' id='word_1_67' title='bbox 1372 822 1509 862; x_wconf 87' lang='lat' dir='ltr'><strong>lauda-</strong></span> 
     </span>
     <span class='ocr_line' id='line_1_12' title="bbox 139 890 1508 943; baseline 0.001 -14"><span class='ocrx_word' id='word_1_68' title='bbox 139 894 264 930; x_wconf 82' lang='lat' dir='ltr'><strong>torem</strong></span> <span class='ocrx_word' id='word_1_69' title='bbox 291 903 423 930; x_wconf 89' lang='lat' dir='ltr'><strong>rerum</strong></span> <span class='ocrx_word' id='word_1_70' title='bbox 451 891 690 931; x_wconf 89' lang='lat' dir='ltr'><strong>Graecarum</strong></span> <span class='ocrx_word' id='word_1_71' title='bbox 712 892 942 943; x_wconf 86' lang='lat' dir='ltr'><strong>scriptorem</strong></span> <span class='ocrx_word' id='word_1_72' title='bbox 962 896 1043 931; x_wconf 87' lang='lat' dir='ltr'><strong>tam</strong></span> <span class='ocrx_word' id='word_1_73' title='bbox 1061 903 1196 942; x_wconf 90' lang='lat' dir='ltr'><strong>presso</strong></span> <span class='ocrx_word' id='word_1_74' title='bbox 1214 890 1313 942; x_wconf 90' lang='lat' dir='ltr'><strong>pede</strong></span> <span class='ocrx_word' id='word_1_75' title='bbox 1331 896 1508 930; x_wconf 88' lang='lat' dir='ltr'><strong>secutum</strong></span> 
     </span>
     <span class='ocr_line' id='line_1_13' title="bbox 139 960 1399 1010; baseline 0.001 -12"><span class='ocrx_word' id='word_1_76' title='bbox 139 972 224 998; x_wconf 91' lang='lat' dir='ltr'><strong>esse</strong></span> <span class='ocrx_word' id='word_1_77' title='bbox 252 960 469 1009; x_wconf 84' lang='lat' dir='ltr'><strong>intelleges,</strong></span> <span class='ocrx_word' id='word_1_78' title='bbox 497 964 542 999; x_wconf 89' lang='lat' dir='ltr'><strong>ut</strong></span> <span class='ocrx_word' id='word_1_79' title='bbox 569 962 651 999; x_wconf 91' lang='lat' dir='ltr'><strong>eius</strong></span> <span class='ocrx_word' id='word_1_80' title='bbox 680 961 843 1010; x_wconf 88' lang='lat' dir='ltr'><strong>vestigio</strong></span> <span class='ocrx_word' id='word_1_81' title='bbox 868 960 948 998; x_wconf 83' lang='lat' dir='ltr'><strong>fere</strong></span> <span class='ocrx_word' id='word_1_82' title='bbox 976 960 1159 998; x_wconf 89' lang='lat' dir='ltr'><strong>continuo</strong></span> <span class='ocrx_word' id='word_1_83' title='bbox 1188 960 1399 999; x_wconf 85' lang='lat' dir='ltr'><strong>insisteret.</strong></span> 
     </span>
     <span class='ocr_line' id='line_1_14' title="bbox 263 1026 1508 1078; baseline 0 -12"><span class='ocrx_word' id='word_1_84' title='bbox 263 1027 484 1077; x_wconf 85' lang='lat' dir='ltr'><strong>Agesilaum</strong></span> <span class='ocrx_word' id='word_1_85' title='bbox 522 1027 680 1078; x_wconf 86' lang='lat' dir='ltr'><strong>dignum</strong></span> <span class='ocrx_word' id='word_1_86' title='bbox 719 1027 837 1067; x_wconf 91' lang='lat' dir='ltr'><strong>fuisse</strong></span> <span class='ocrx_word' id='word_1_87' title='bbox 865 1026 1048 1067; x_wconf 86' lang='lat' dir='ltr'><strong>laudator</strong></span> <span class='ocrx_word' id='word_1_88' title='bbox 1075 1027 1182 1075; x_wconf 90' lang='lat' dir='ltr'><strong>dicit,</strong></span> <span class='ocrx_word' id='word_1_89' title='bbox 1211 1027 1276 1077; x_wconf 90' lang='lat' dir='ltr'><strong>qui</strong></span> <span class='ocrx_word' id='word_1_90' title='bbox 1305 1039 1374 1066; x_wconf 86' lang='lat' dir='ltr'><strong>rex</strong></span> <span class='ocrx_word' id='word_1_91' title='bbox 1402 1039 1508 1066; x_wconf 88' lang='lat' dir='ltr'><strong>crea-</strong></span> 
     </span>
     <span class='ocr_line' id='line_1_15' title="bbox 136 1085 1507 1147; baseline 0 -14"><span class='ocrx_word' id='word_1_92' title='bbox 136 1087 256 1134; x_wconf 80' lang='lat' dir='ltr'><strong>retur.</strong></span> <span class='ocrx_word' id='word_1_93' title='bbox 300 1096 357 1146; x_wconf 79' lang='lat'><strong>(§.</strong></span> <span class='ocrx_word' id='word_1_94' title='bbox 393 1096 454 1147; x_wconf 89' lang='lat'><strong>5.)</strong></span> <span class='ocrx_word' id='word_1_95' title='bbox 511 1096 623 1142; x_wconf 89' lang='lat' dir='ltr'><strong>Quod</strong></span> <span class='ocrx_word' id='word_1_96' title='bbox 659 1100 704 1134; x_wconf 93' lang='lat' dir='ltr'><strong>ut</strong></span> <span class='ocrx_word' id='word_1_97' title='bbox 738 1096 950 1146; x_wconf 89' lang='lat' dir='ltr'><strong>probaret,</strong></span> <span class='ocrx_word' id='word_1_98' title='bbox 992 1099 1266 1145; x_wconf 89' lang='lat' dir='ltr'><strong>argumentum</strong></span> <span class='ocrx_word' id='word_1_99' title='bbox 1309 1085 1409 1144; x_wconf 88' lang='lat' dir='ltr'><strong>petit</strong></span> <span class='ocrx_word' id='word_1_100' title='bbox 1460 1108 1507 1133; x_wconf 85' lang='lat' dir='ltr'><strong>ex</strong></span> 
     </span>
     <span class='ocr_line' id='line_1_16' title="bbox 135 1162 1507 1215; baseline 0 -14"><span class='ocrx_word' id='word_1_101' title='bbox 135 1162 299 1201; x_wconf 90' lang='lat' dir='ltr'><strong>historia</strong></span> <span class='ocrx_word' id='word_1_102' title='bbox 319 1162 471 1201; x_wconf 88' lang='lat' dir='ltr'><strong>Graeca</strong></span> <span class='ocrx_word' id='word_1_103' title='bbox 491 1163 578 1215; x_wconf 91' lang='grc' dir='ltr'><strong>(ΙΙΙ.</strong></span> <span class='ocrx_word' id='word_1_104' title='bbox 606 1164 642 1203; x_wconf 85' lang='grc'><strong>3.</strong></span> <span class='ocrx_word' id='word_1_105' title='bbox 674 1163 816 1215; x_wconf 85' lang='grc'><strong>1-4.),</strong></span> <span class='ocrx_word' id='word_1_106' title='bbox 843 1162 911 1202; x_wconf 91' lang='lat' dir='ltr'><strong>ubi</strong></span> <span class='ocrx_word' id='word_1_107' title='bbox 930 1163 1144 1214; x_wconf 88' lang='lat' dir='ltr'><strong>Xenophon</strong></span> <span class='ocrx_word' id='word_1_108' title='bbox 1163 1163 1211 1202; x_wconf 87' lang='lat' dir='ltr'><strong>de</strong></span> <span class='ocrx_word' id='word_1_109' title='bbox 1235 1176 1355 1213; x_wconf 86' lang='lat' dir='ltr'><strong>regno</strong></span> <span class='ocrx_word' id='word_1_110' title='bbox 1376 1162 1507 1202; x_wconf 91' lang='lat' dir='ltr'><strong>decer-</strong></span> 
     </span>
     <span class='ocr_line' id='line_1_17' title="bbox 135 1230 1506 1281; baseline 0 -12"><span class='ocrx_word' id='word_1_111' title='bbox 135 1231 280 1270; x_wconf 83' lang='lat' dir='ltr'><strong>tavisse</strong></span> <span class='ocrx_word' id='word_1_112' title='bbox 307 1231 429 1270; x_wconf 84' lang='lat' dir='ltr'><strong>refert</strong></span> <span class='ocrx_word' id='word_1_113' title='bbox 457 1231 744 1281; x_wconf 86' lang='lat' dir='ltr'><strong>Leotychidem,</strong></span> <span class='ocrx_word' id='word_1_114' title='bbox 773 1233 840 1281; x_wconf 90' lang='lat' dir='ltr'><strong>qui</strong></span> <span class='ocrx_word' id='word_1_115' title='bbox 870 1245 910 1271; x_wconf 91' lang='lat' dir='ltr'><strong>se</strong></span> <span class='ocrx_word' id='word_1_116' title='bbox 937 1231 1061 1271; x_wconf 91' lang='lat' dir='ltr'><strong>filium</strong></span> <span class='ocrx_word' id='word_1_117' title='bbox 1089 1245 1172 1270; x_wconf 91' lang='lat' dir='ltr'><strong>esse</strong></span> <span class='ocrx_word' id='word_1_118' title='bbox 1202 1231 1337 1281; x_wconf 86' lang='lat' dir='ltr'><strong>Agidis</strong></span> <span class='ocrx_word' id='word_1_119' title='bbox 1351 1230 1506 1270; x_wconf 82' lang='lat' dir='ltr'><strong>dicebat.</strong></span> 
     </span>
     <span class='ocr_line' id='line_1_18' title="bbox 134 1298 1503 1349; baseline 0.001 -13"><span class='ocrx_word' id='word_1_120' title='bbox 134 1301 174 1336; x_wconf 91' lang='lat' dir='ltr'><strong>et</strong></span> <span class='ocrx_word' id='word_1_121' title='bbox 203 1298 445 1347; x_wconf 85' lang='lat' dir='ltr'><strong>Agesilaum,</strong></span> <span class='ocrx_word' id='word_1_122' title='bbox 476 1298 611 1348; x_wconf 83' lang='lat' dir='ltr'><strong>Agidis</strong></span> <span class='ocrx_word' id='word_1_123' title='bbox 639 1298 820 1346; x_wconf 84' lang='lat' dir='ltr'><strong>fratrem,</strong></span> <span class='ocrx_word' id='word_1_124' title='bbox 850 1298 1074 1337; x_wconf 85' lang='lat' dir='ltr'><strong>Archidami</strong></span> <span class='ocrx_word' id='word_1_125' title='bbox 1101 1298 1224 1337; x_wconf 92' lang='lat' dir='ltr'><strong>filium</strong></span> <span class='ocrx_word' id='word_1_126' title='bbox 1254 1298 1316 1348; x_wconf 90' lang='lat' dir='ltr'><strong>(V.</strong></span> <span class='ocrx_word' id='word_1_127' title='bbox 1345 1300 1381 1338; x_wconf 84' lang='lat'><strong>3.</strong></span> <span class='ocrx_word' id='word_1_128' title='bbox 1411 1298 1503 1349; x_wconf 71' lang='lat'><strong>13.).</strong></span> 
     </span>
     <span class='ocr_line' id='line_1_19' title="bbox 135 1365 1503 1418; baseline 0.001 -14"><span class='ocrx_word' id='word_1_129' title='bbox 135 1365 306 1405; x_wconf 89' lang='lat' dir='ltr'><strong>Simulac</strong></span> <span class='ocrx_word' id='word_1_130' title='bbox 332 1365 533 1416; x_wconf 81' lang='lat' dir='ltr'><strong>Lysander</strong></span> <span class='ocrx_word' id='word_1_131' title='bbox 560 1366 781 1417; x_wconf 86' lang='lat' dir='ltr'><strong>explicavit,</strong></span> <span class='ocrx_word' id='word_1_132' title='bbox 810 1366 905 1416; x_wconf 88' lang='lat' dir='ltr'><strong>quid</strong></span> <span class='ocrx_word' id='word_1_133' title='bbox 933 1366 1072 1417; x_wconf 89' lang='lat' dir='ltr'><strong>Apollo</strong></span> <span class='ocrx_word' id='word_1_134' title='bbox 1099 1368 1374 1418; x_wconf 85' lang='lat' dir='ltr'><strong>praecepisset,</strong></span> <span class='ocrx_word' id='word_1_135' title='bbox 1403 1368 1503 1406; x_wconf 81' lang='lat' dir='ltr'><strong>cives</strong></span> 
     </span>
    </p>
   </div>
   <div class='ocr_carea' id='block_1_6' title="bbox 133 1433 1502 1554">
    <p class='ocr_par' dir='ltr' id='par_1_6' title="bbox 133 1433 1502 1554">
     <span class='ocr_line' id='line_1_20' title="bbox 133 1433 757 1484; baseline 0.002 -12"><span class='ocrx_word' id='word_1_136' title='bbox 133 1433 358 1483; x_wconf 85' lang='lat' dir='ltr'><strong>Agesilaum</strong></span> <span class='ocrx_word' id='word_1_137' title='bbox 386 1446 517 1483; x_wconf 91' lang='lat' dir='ltr'><strong>regem</strong></span> <span class='ocrx_word' id='word_1_138' title='bbox 545 1434 757 1484; x_wconf 89' lang='lat' dir='ltr'><strong>elegerunt.</strong></span> 
     </span>
     <span class='ocr_line' id='line_1_21' title="bbox 257 1502 1502 1554; baseline 0.001 -13"><span class='ocrx_word' id='word_1_139' title='bbox 257 1503 339 1542; x_wconf 88' lang='lat' dir='ltr'><strong>Iam</strong></span> <span class='ocrx_word' id='word_1_140' title='bbox 367 1502 540 1552; x_wconf 86' lang='lat' dir='ltr'><strong>Agesilai</strong></span> <span class='ocrx_word' id='word_1_141' title='bbox 567 1515 630 1542; x_wconf 89' lang='lat' dir='ltr'><strong>res</strong></span> <span class='ocrx_word' id='word_1_142' title='bbox 656 1503 697 1541; x_wconf 93' lang='lat' dir='ltr'><strong>in</strong></span> <span class='ocrx_word' id='word_1_143' title='bbox 726 1503 820 1542; x_wconf 87' lang='lat' dir='ltr'><strong>Asia</strong></span> <span class='ocrx_word' id='word_1_144' title='bbox 846 1506 980 1553; x_wconf 89' lang='lat' dir='ltr'><strong>gestas</strong></span> <span class='ocrx_word' id='word_1_145' title='bbox 1007 1503 1190 1543; x_wconf 87' lang='lat' dir='ltr'><strong>laudator</strong></span> <span class='ocrx_word' id='word_1_146' title='bbox 1216 1503 1355 1554; x_wconf 86' lang='lat' dir='ltr'><strong>incipit</strong></span> <span class='ocrx_word' id='word_1_147' title='bbox 1386 1516 1502 1554; x_wconf 86' lang='lat' dir='ltr'><strong>expo—</strong></span> 
     </span>
    </p>
   </div>
   <div class='ocr_carea' id='block_1_7' title="bbox 118 1571 1500 2503">
    <p class='ocr_par' dir='ltr' id='par_1_7' title="bbox 118 1571 1500 2503">
     <span class='ocr_line' id='line_1_22' title="bbox 132 1571 1500 1620; baseline 0 -10"><span class='ocrx_word' id='word_1_148' title='bbox 132 1584 222 1611; x_wconf 88' lang='lat' dir='ltr'><strong>nere</strong></span> <span class='ocrx_word' id='word_1_149' title='bbox 236 1602 245 1619; x_wconf 86' lang='lat'><strong>,</strong></span> <span class='ocrx_word' id='word_1_150' title='bbox 286 1571 490 1610; x_wconf 85' lang='lat' dir='ltr'><strong>historiam</strong></span> <span class='ocrx_word' id='word_1_151' title='bbox 527 1571 795 1620; x_wconf 88' lang='lat' dir='ltr'><strong>Xenophontis</strong></span> <span class='ocrx_word' id='word_1_152' title='bbox 834 1583 952 1610; x_wconf 90' lang='lat' dir='ltr'><strong>manu</strong></span> <span class='ocrx_word' id='word_1_153' title='bbox 979 1571 1139 1610; x_wconf 84' lang='lat' dir='ltr'><strong>sinistra</strong></span> <span class='ocrx_word' id='word_1_154' title='bbox 1165 1577 1320 1620; x_wconf 90' lang='lat' dir='ltr'><strong>tenens,</strong></span> <span class='ocrx_word' id='word_1_155' title='bbox 1362 1572 1500 1610; x_wconf 87' lang='lat' dir='ltr'><strong>dextra</strong></span> 
     </span>
     <span class='ocr_line' id='line_1_23' title="bbox 131 1635 1499 1680; baseline 0 -2"><span class='ocrx_word' id='word_1_156' title='bbox 131 1639 279 1680; x_wconf 89' lang='lat' dir='ltr'><strong>stilum.</strong></span> <span class='ocrx_word' id='word_1_157' title='bbox 342 1638 482 1678; x_wconf 90' lang='lat' dir='ltr'><strong>Verbis</strong></span> <span class='ocrx_word' id='word_1_158' title='bbox 516 1639 806 1678; x_wconf 82' lang='lat' dir='ltr'><strong>Hellenicorum</strong></span> <span class='ocrx_word' id='word_1_159' title='bbox 844 1638 913 1679; x_wconf 89' lang='lat'><strong>111.</strong></span> <span class='ocrx_word' id='word_1_160' title='bbox 950 1640 986 1679; x_wconf 87' lang='lat'><strong>3.</strong></span> <span class='ocrx_word' id='word_1_161' title='bbox 1020 1640 1062 1678; x_wconf 88' lang='lat'><strong>4:</strong></span> <span class='ocrx_word' id='word_1_162' title='bbox 1107 1635 1229 1678; x_wconf 72' lang='grc' dir='ltr'><em>Οὔπω</em></span> <span class='ocrx_word' id='word_1_163' title='bbox 1261 1636 1297 1678; x_wconf 78' lang='grc' dir='ltr'><strong>δ’</strong></span> <span class='ocrx_word' id='word_1_164' title='bbox 1331 1638 1499 1679; x_wconf 76' lang='grc' dir='ltr'><em>ἐνιαυτὸν</em></span> 
     </span>
     <span class='ocr_line' id='line_1_24' title="bbox 131 1702 1499 1759; baseline 0.001 -15"><span class='ocrx_word' id='word_1_165' title='bbox 131 1703 242 1752; x_wconf 81' lang='grc' dir='ltr'><strong><em>ὄντος</em></strong></span> <span class='ocrx_word' id='word_1_166' title='bbox 275 1705 315 1745; x_wconf 83' lang='grc' dir='ltr'><strong>ἐν</strong></span> <span class='ocrx_word' id='word_1_167' title='bbox 345 1709 394 1757; x_wconf 85' lang='grc' dir='ltr'><strong>τῇ</strong></span> <span class='ocrx_word' id='word_1_168' title='bbox 424 1705 605 1757; x_wconf 83' lang='grc' dir='ltr'><strong><em>βασιλείᾳ</em></strong></span> <span class='ocrx_word' id='word_1_169' title='bbox 640 1707 887 1745; x_wconf 90' lang='lat' dir='ltr'><strong>commutatis</strong></span> <span class='ocrx_word' id='word_1_170' title='bbox 921 1708 961 1745; x_wconf 92' lang='lat' dir='ltr'><strong>in</strong></span> <span class='ocrx_word' id='word_1_171' title='bbox 995 1703 1084 1759; x_wconf 75' lang='grc' dir='ltr'><em>ἄρτι</em></span> <span class='ocrx_word' id='word_1_172' title='bbox 1111 1706 1153 1746; x_wconf 81' lang='grc' dir='ltr'><strong>δὲ</strong></span> <span class='ocrx_word' id='word_1_173' title='bbox 1180 1702 1290 1753; x_wconf 81' lang='grc' dir='ltr'><strong><em>ὄντος</em></strong></span> <span class='ocrx_word' id='word_1_174' title='bbox 1312 1704 1433 1746; x_wconf 82' lang='grc' dir='ltr'><em>αὐτοῦ</em></span> <span class='ocrx_word' id='word_1_175' title='bbox 1459 1706 1499 1745; x_wconf 81' lang='grc' dir='ltr'><strong>ἐν</strong></span> 
     </span>
     <span class='ocr_line' id='line_1_25' title="bbox 127 1771 1496 1827; baseline 0.001 -15"><span class='ocrx_word' id='word_1_176' title='bbox 127 1777 176 1827; x_wconf 85' lang='grc' dir='ltr'><strong>τῆ</strong></span> <span class='ocrx_word' id='word_1_177' title='bbox 201 1771 302 1827; x_wconf 80' lang='grc' dir='ltr'><em>ἀρχῇ</em></span> <span class='ocrx_word' id='word_1_178' title='bbox 329 1775 462 1813; x_wconf 88' lang='lat' dir='ltr'><strong>statim</strong></span> <span class='ocrx_word' id='word_1_179' title='bbox 489 1774 680 1814; x_wconf 89' lang='lat' dir='ltr'><strong>transitur</strong></span> <span class='ocrx_word' id='word_1_180' title='bbox 707 1773 758 1813; x_wconf 86' lang='lat' dir='ltr'><strong>ad</strong></span> <span class='ocrx_word' id='word_1_181' title='bbox 776 1787 862 1825; x_wconf 88' lang='lat' dir='ltr'><strong>cap.</strong></span> <span class='ocrx_word' id='word_1_182' title='bbox 880 1774 959 1823; x_wconf 91' lang='lat' dir='ltr'><strong>IV.‚</strong></span> <span class='ocrx_word' id='word_1_183' title='bbox 989 1773 1055 1813; x_wconf 90' lang='lat' dir='ltr'><strong>ubi</strong></span> <span class='ocrx_word' id='word_1_184' title='bbox 1082 1774 1132 1814; x_wconf 84' lang='lat' dir='ltr'><strong>ab</strong></span> <span class='ocrx_word' id='word_1_185' title='bbox 1152 1774 1310 1814; x_wconf 85' lang='lat' dir='ltr'><strong>Heroda</strong></span> <span class='ocrx_word' id='word_1_186' title='bbox 1328 1774 1496 1825; x_wconf 91' lang='lat' dir='ltr'><strong>quodam</strong></span> 
     </span>
     <span class='ocr_line' id='line_1_26' title="bbox 128 1842 1495 1892; baseline 0 -11"><span class='ocrx_word' id='word_1_187' title='bbox 128 1843 309 1881; x_wconf 87' lang='lat' dir='ltr'><strong>nuntium</strong></span> <span class='ocrx_word' id='word_1_188' title='bbox 338 1842 378 1881; x_wconf 90' lang='lat' dir='ltr'><strong>in</strong></span> <span class='ocrx_word' id='word_1_189' title='bbox 398 1842 604 1882; x_wconf 87' lang='lat' dir='ltr'><strong>Graeciam</strong></span> <span class='ocrx_word' id='word_1_190' title='bbox 631 1843 797 1881; x_wconf 88' lang='lat' dir='ltr'><strong>allatum</strong></span> <span class='ocrx_word' id='word_1_191' title='bbox 817 1855 900 1881; x_wconf 92' lang='lat' dir='ltr'><strong>esse</strong></span> <span class='ocrx_word' id='word_1_192' title='bbox 914 1846 1111 1890; x_wconf 86' lang='lat' dir='ltr'><strong>narratur,</strong></span> <span class='ocrx_word' id='word_1_193' title='bbox 1139 1855 1269 1892; x_wconf 89' lang='lat' dir='ltr'><strong>regem</strong></span> <span class='ocrx_word' id='word_1_194' title='bbox 1289 1843 1495 1881; x_wconf 85' lang='lat' dir='ltr'><strong>Persarum</strong></span> 
     </span>
     <span class='ocr_line' id='line_1_27' title="bbox 127 1909 1494 1961; baseline 0 -12"><span class='ocrx_word' id='word_1_195' title='bbox 127 1923 312 1961; x_wconf 89' lang='lat' dir='ltr'><strong>magnam</strong></span> <span class='ocrx_word' id='word_1_196' title='bbox 340 1910 505 1950; x_wconf 89' lang='lat' dir='ltr'><strong>classem</strong></span> <span class='ocrx_word' id='word_1_197' title='bbox 532 1910 606 1950; x_wconf 91' lang='lat' dir='ltr'><strong>sibi</strong></span> <span class='ocrx_word' id='word_1_198' title='bbox 634 1911 845 1961; x_wconf 85' lang='lat' dir='ltr'><strong>paravisse.</strong></span> <span class='ocrx_word' id='word_1_199' title='bbox 888 1909 1036 1949; x_wconf 90' lang='lat' dir='ltr'><strong>Deinde</strong></span> <span class='ocrx_word' id='word_1_200' title='bbox 1063 1914 1247 1949; x_wconf 86' lang='lat' dir='ltr'><strong>narrator</strong></span> <span class='ocrx_word' id='word_1_201' title='bbox 1271 1910 1329 1949; x_wconf 88' lang='lat' dir='ltr'><strong>ita</strong></span> <span class='ocrx_word' id='word_1_202' title='bbox 1346 1910 1494 1961; x_wconf 89' lang='lat' dir='ltr'><strong>pergit:</strong></span> 
     </span>
     <span class='ocr_line' id='line_1_28' title="bbox 124 1974 1495 2031; baseline -0.001 -14"><span class='ocrx_word' id='word_1_203' title='bbox 124 1975 447 2031; x_wconf 79' lang='grc' dir='ltr'><em>ἀνεπτερωμένων</em></span> <span class='ocrx_word' id='word_1_204' title='bbox 488 1978 532 2017; x_wconf 82' lang='grc' dir='ltr'><strong>δὲ</strong></span> <span class='ocrx_word' id='word_1_205' title='bbox 572 1981 649 2016; x_wconf 81' lang='grc' dir='ltr'><strong>τῶν</strong></span> <span class='ocrx_word' id='word_1_206' title='bbox 681 1977 1002 2028; x_wconf 84' lang='grc' dir='ltr'><em>Λακεδαιμονίων</em></span> <span class='ocrx_word' id='word_1_207' title='bbox 1040 1977 1105 2017; x_wconf 86' lang='grc' dir='ltr'><strong>καὶ</strong></span> <span class='ocrx_word' id='word_1_208' title='bbox 1139 1976 1231 2024; x_wconf 82' lang='grc' dir='ltr'><strong>τούς</strong></span> <span class='ocrx_word' id='word_1_209' title='bbox 1267 1974 1495 2028; x_wconf 81' lang='grc' dir='ltr'><em>συμμάχους</em></span> 
     </span>
     <span class='ocr_line' id='line_1_29' title="bbox 126 2043 1494 2099; baseline 0 -15"><span class='ocrx_word' id='word_1_210' title='bbox 126 2043 366 2096; x_wconf 78' lang='grc' dir='ltr'><em>συναγόντων</em></span> <span class='ocrx_word' id='word_1_211' title='bbox 405 2046 469 2085; x_wconf 83' lang='grc' dir='ltr'><strong>καὶ</strong></span> <span class='ocrx_word' id='word_1_212' title='bbox 504 2045 791 2096; x_wconf 78' lang='grc' dir='ltr'><em>βουλευομένων</em></span> <span class='ocrx_word' id='word_1_213' title='bbox 822 2045 862 2085; x_wconf 83' lang='grc' dir='ltr'><strong>τί</strong></span> <span class='ocrx_word' id='word_1_214' title='bbox 893 2045 967 2098; x_wconf 75' lang='grc' dir='ltr'><strong>’χρῆ</strong></span> <span class='ocrx_word' id='word_1_215' title='bbox 994 2049 1139 2093; x_wconf 84' lang='grc' dir='ltr'><em>ποιεῖν,</em></span> <span class='ocrx_word' id='word_1_216' title='bbox 1180 2043 1411 2099; x_wconf 79' lang='grc' dir='ltr'><em>Λύσανδρος</em></span> <span class='ocrx_word' id='word_1_217' title='bbox 1443 2070 1494 2076; x_wconf 88' lang='grc'><strong>-</strong></span> 
     </span>
     <span class='ocr_line' id='line_1_30' title="bbox 122 2110 1495 2168; baseline 0 -15"><span class='ocrx_word' id='word_1_218' title='bbox 122 2113 259 2154; x_wconf 76' lang='grc' dir='ltr'><em>πείθει</em></span> <span class='ocrx_word' id='word_1_219' title='bbox 297 2113 365 2153; x_wconf 81' lang='grc' dir='ltr'><strong>τὸν</strong></span> <span class='ocrx_word' id='word_1_220' title='bbox 399 2111 627 2167; x_wconf 75' lang='grc' dir='ltr'><em>Ἀγησίλαον</em></span> <span class='ocrx_word' id='word_1_221' title='bbox 667 2112 901 2167; x_wconf 82' lang='grc' dir='ltr'><em>ὑποστῆναι,</em></span> <span class='ocrx_word' id='word_1_222' title='bbox 942 2110 986 2166; x_wconf 81' lang='grc' dir='ltr'><strong>ἢν</strong></span> <span class='ocrx_word' id='word_1_223' title='bbox 1027 2111 1133 2165; x_wconf 82' lang='grc' dir='ltr'><em>αὐτῷ</em></span> <span class='ocrx_word' id='word_1_224' title='bbox 1166 2113 1263 2153; x_wconf 80' lang='grc' dir='ltr'><em>δῶσι</em></span> <span class='ocrx_word' id='word_1_225' title='bbox 1292 2111 1495 2168; x_wconf 78' lang='grc' dir='ltr'><em>τριάκοντα</em></span> 
     </span>
     <span class='ocr_line' id='line_1_31' title="bbox 120 2180 1494 2235; baseline -0.001 -13"><span class='ocrx_word' id='word_1_226' title='bbox 120 2182 193 2231; x_wconf 80' lang='grc' dir='ltr'><em>μὲν</em></span> <span class='ocrx_word' id='word_1_227' title='bbox 231 2185 509 2235; x_wconf 71' lang='grc' dir='ltr'><em>Σπαρῑιατιῦν,</em></span> <span class='ocrx_word' id='word_1_228' title='bbox 556 2181 615 2229; x_wconf 83' lang='grc' dir='ltr'><strong>εἰς</strong></span> <span class='ocrx_word' id='word_1_229' title='bbox 662 2182 876 2233; x_wconf 81' lang='grc' dir='ltr'><em>δισχιλίους</em></span> <span class='ocrx_word' id='word_1_230' title='bbox 915 2182 959 2221; x_wconf 80' lang='grc' dir='ltr'><strong>δὲ</strong></span> <span class='ocrx_word' id='word_1_231' title='bbox 996 2185 1073 2221; x_wconf 83' lang='grc' dir='ltr'><strong>τῶν</strong></span> <span class='ocrx_word' id='word_1_232' title='bbox 1114 2181 1392 2232; x_wconf 80' lang='grc' dir='ltr'><em>νεοδαμωδῶν,</em></span> <span class='ocrx_word' id='word_1_233' title='bbox 1435 2180 1494 2228; x_wconf 82' lang='grc' dir='ltr'><strong>εἰς</strong></span> 
     </span>
     <span class='ocr_line' id='line_1_32' title="bbox 121 2246 1493 2304; baseline 0 -15"><span class='ocrx_word' id='word_1_234' title='bbox 121 2248 475 2300; x_wconf 73' lang='grc' dir='ltr'><em>ἑξακισχιλίουςδὲ</em></span> <span class='ocrx_word' id='word_1_235' title='bbox 494 2249 539 2289; x_wconf 85' lang='grc' dir='ltr'><strong>τὸ</strong></span> <span class='ocrx_word' id='word_1_236' title='bbox 561 2247 759 2303; x_wconf 80' lang='grc' dir='ltr'><em>σύνταγμα</em></span> <span class='ocrx_word' id='word_1_237' title='bbox 779 2253 855 2289; x_wconf 76' lang='grc' dir='ltr'><strong>τῶν</strong></span> <span class='ocrx_word' id='word_1_238' title='bbox 866 2246 1097 2302; x_wconf 85' lang='grc' dir='ltr'><em>συμμάχων,</em></span> <span class='ocrx_word' id='word_1_239' title='bbox 1129 2246 1412 2304; x_wconf 80' lang='grc' dir='ltr'><em>στρατεύεσθαι</em></span> <span class='ocrx_word' id='word_1_240' title='bbox 1434 2247 1493 2297; x_wconf 81' lang='grc' dir='ltr'><strong>εἰς</strong></span> 
     </span>
     <span class='ocr_line' id='line_1_33' title="bbox 119 2316 1491 2370; baseline 0.001 -15"><span class='ocrx_word' id='word_1_241' title='bbox 119 2318 188 2370; x_wconf 71' lang='grc' dir='ltr'><em>τὴν</em></span> <span class='ocrx_word' id='word_1_242' title='bbox 210 2316 356 2364; x_wconf 82' lang='grc' dir='ltr'><em>Ἀσίαν,</em></span> <span class='ocrx_word' id='word_1_243' title='bbox 383 2332 483 2368; x_wconf 89' lang='lat' dir='ltr'><strong>quae</strong></span> <span class='ocrx_word' id='word_1_244' title='bbox 507 2318 626 2357; x_wconf 87' lang='lat' dir='ltr'><strong>verba</strong></span> <span class='ocrx_word' id='word_1_245' title='bbox 654 2319 837 2358; x_wconf 86' lang='lat' dir='ltr'><strong>laudator</strong></span> <span class='ocrx_word' id='word_1_246' title='bbox 869 2319 1044 2368; x_wconf 89' lang='lat' dir='ltr'><strong>recipere</strong></span> <span class='ocrx_word' id='word_1_247' title='bbox 1069 2331 1145 2357; x_wconf 91' lang='lat' dir='ltr'><strong>non</strong></span> <span class='ocrx_word' id='word_1_248' title='bbox 1170 2318 1374 2358; x_wconf 86' lang='lat' dir='ltr'><strong>dubitavit.</strong></span> <span class='ocrx_word' id='word_1_249' title='bbox 1419 2318 1491 2357; x_wconf 91' lang='lat' dir='ltr'><strong>His</strong></span> 
     </span>
     <span class='ocr_line' id='line_1_34' title="bbox 119 2386 1491 2436; baseline 0.001 -12"><span class='ocrx_word' id='word_1_250' title='bbox 119 2398 263 2435; x_wconf 86' lang='lat' dir='ltr'><strong>pauca,</strong></span> <span class='ocrx_word' id='word_1_251' title='bbox 293 2398 392 2436; x_wconf 88' lang='lat' dir='ltr'><strong>quae</strong></span> <span class='ocrx_word' id='word_1_252' title='bbox 417 2386 522 2436; x_wconf 80' lang='lat' dir='ltr'><strong>apud</strong></span> <span class='ocrx_word' id='word_1_253' title='bbox 557 2386 851 2436; x_wconf 83' lang='lat' dir='ltr'><strong>Xenophontem</strong></span> <span class='ocrx_word' id='word_1_254' title='bbox 879 2399 956 2424; x_wconf 92' lang='lat' dir='ltr'><strong>non</strong></span> <span class='ocrx_word' id='word_1_255' title='bbox 984 2389 1160 2433; x_wconf 86' lang='lat' dir='ltr'><strong>exstant,</strong></span> <span class='ocrx_word' id='word_1_256' title='bbox 1190 2389 1233 2424; x_wconf 89' lang='lat' dir='ltr'><strong>ut</strong></span> <span class='ocrx_word' id='word_1_257' title='bbox 1259 2398 1369 2425; x_wconf 86' lang='lat' dir='ltr'><strong>suam</strong></span> <span class='ocrx_word' id='word_1_258' title='bbox 1396 2398 1491 2436; x_wconf 90' lang='lat' dir='ltr'><strong>quo-</strong></span> 
     </span>
     <span class='ocr_line' id='line_1_35' title="bbox 118 2453 1489 2503; baseline 0.001 -12"><span class='ocrx_word' id='word_1_259' title='bbox 118 2466 193 2502; x_wconf 88' lang='lat' dir='ltr'><strong>que</strong></span> <span class='ocrx_word' id='word_1_260' title='bbox 220 2454 342 2503; x_wconf 88' lang='lat' dir='ltr'><strong>ipsius</strong></span> <span class='ocrx_word' id='word_1_261' title='bbox 370 2454 589 2492; x_wconf 85' lang='lat' dir='ltr'><strong>doctrinam</strong></span> <span class='ocrx_word' id='word_1_262' title='bbox 617 2458 852 2500; x_wconf 86' lang='lat' dir='ltr'><strong>ostentaret,</strong></span> <span class='ocrx_word' id='word_1_263' title='bbox 893 2454 1069 2503; x_wconf 88' lang='lat' dir='ltr'><strong>sophista</strong></span> <span class='ocrx_word' id='word_1_264' title='bbox 1101 2453 1264 2492; x_wconf 85' lang='lat' dir='ltr'><strong>addidit.</strong></span> <span class='ocrx_word' id='word_1_265' title='bbox 1321 2454 1489 2503; x_wconf 85' lang='lat' dir='ltr'><strong>Agesilai</strong></span> 
     </span>
    </p>
   </div>
   <div class='ocr_carea' id='block_1_8' title="bbox 117 2528 1489 2654">
    <p class='ocr_par' dir='ltr' id='par_1_8' title="bbox 117 2528 1489 2654">
     <span class='ocr_line' id='line_1_36' title="bbox 168 2528 1489 2589; baseline 0 -10"><span class='ocrx_word' id='word_1_266' title='bbox 168 2528 178 2531; x_wconf 75' lang='grc'><strong>”</strong></span> <span class='ocrx_word' id='word_1_267' title='bbox 247 2549 271 2589; x_wconf 87' lang='lat'><strong>1)</strong></span> <span class='ocrx_word' id='word_1_268' title='bbox 289 2529 342 2580; x_wconf 72' lang='lat' dir='ltr'><strong>cf.</strong></span> <span class='ocrx_word' id='word_1_269' title='bbox 369 2546 546 2587; x_wconf 62' lang='lat' dir='ltr'><strong>Quaestum</strong></span> <span class='ocrx_word' id='word_1_270' title='bbox 578 2547 619 2580; x_wconf 79' lang='lat' dir='ltr'><strong>de</strong></span> <span class='ocrx_word' id='word_1_271' title='bbox 634 2547 745 2580; x_wconf 63' lang='lat' dir='ltr'><strong>fontis.</strong></span> <span class='ocrx_word' id='word_1_272' title='bbox 769 2546 809 2580; x_wconf 70' lang='lat' dir='ltr'><strong>ad</strong></span> <span class='ocrx_word' id='word_1_273' title='bbox 829 2547 923 2588; x_wconf 78' lang='lat' dir='ltr'><strong>Ages.</strong></span> <span class='ocrx_word' id='word_1_274' title='bbox 938 2546 1237 2588; x_wconf 67' lang='lat' dir='ltr'><strong>histonpertinent.</strong></span> <span class='ocrx_word' id='word_1_275' title='bbox 1260 2557 1291 2588; x_wconf 83' lang='lat' dir='ltr'><strong>p.</strong></span> <span class='ocrx_word' id='word_1_276' title='bbox 1314 2546 1363 2579; x_wconf 79' lang='lat'><strong>17.</strong></span> <span class='ocrx_word' id='word_1_277' title='bbox 1407 2547 1489 2579; x_wconf 76' lang='lat' dir='ltr'><strong>vide</strong></span> 
     </span>
     <span class='ocr_line' id='line_1_37' title="bbox 117 2604 687 2654; baseline 0 -18"><span class='ocrx_word' id='word_1_278' title='bbox 117 2608 287 2645; x_wconf 84' lang='lat' dir='ltr'><strong>praeterea</strong></span> <span class='ocrx_word' id='word_1_279' title='bbox 308 2604 490 2637; x_wconf 81' lang='lat' dir='ltr'><strong>Beckhaus.</strong></span> <span class='ocrx_word' id='word_1_280' title='bbox 514 2605 535 2636; x_wconf 91' lang='lat'><strong>1.</strong></span> <span class='ocrx_word' id='word_1_281' title='bbox 558 2614 584 2654; x_wconf 82' lang='lat' dir='ltr'><strong>c.</strong></span> <span class='ocrx_word' id='word_1_282' title='bbox 606 2605 635 2646; x_wconf 63' lang='grc' dir='ltr'><strong>ξ.</strong></span> <span class='ocrx_word' id='word_1_283' title='bbox 658 2605 687 2636; x_wconf 86' lang='grc'><strong>3.</strong></span> 
     </span>
    </p>
   </div>
  </div>
 </body>
</html>
