1641 2866
781 161 830 199 53

133 285 267 326 Oratio
296 285 378 323 eius
425 284 567 334 ubique
610 287 669 322 est
710 285 917 336 perspicua
959 287 998 321 et
1031 284 1245 335 perlucida,
1273 284 1491 335 aequabilis

132 355 211 394 fere
238 356 278 392 et
304 353 363 391 sui
392 352 528 391 similis
551 365 675 403 neque
708 352 917 392 artificiose
951 356 1021 391 aut
1048 353 1245 402 ingeniose
1271 353 1425 392 variata
1451 356 1492 392 et

132 424 271 460 novata
288 421 330 470 ¹).
384 420 506 458 Recte
544 421 665 469 igitur
710 420 986 470 Bernhardyus
1014 432 1188 470 quoque:
1216 420 1303 458 Von
1327 420 1493 459 rhetori—

131 488 242 528 scher
282 486 568 537 Verarbeitung
610 488 735 527 seines
770 486 909 527 Stoffes
936 479 993 526 'zu
1029 487 1323 526 antithetischer
1358 487 1493 526 kunst-

132 554 332 607 gerechter
367 554 619 604 Anordnung.
648 568 722 594 von
763 554 975 594 Gedanken
1012 555 1092 594 und
1120 554 1260 594 Sfitzen
1285 554 1367 593 und
1391 554 1493 594 noch

131 624 237 664 mehr
264 636 351 663 vom
376 622 497 674 Pomp
525 623 834 673 ungemassigter
857 622 1154 674 Bildersprache
1177 621 1266 673 und!
1287 621 1493 673 gesuchter

130 695 301 733 Phrasen
334 705 414 731 war
441 691 656 741 Xenophon
678 693 767 730 weit
793 691 1016 743 entfernt.²)
1071 691 1306 738 Quibuscum
1334 704 1493 730 consen-

128 763 178 801 tit
213 761 331 800 etiam
370 759 600 798 Creuzerus:
641 759 775 798 Durch
808 758 1070 809 Vermeidung
1108 760 1214 798 einer
1250 772 1299 798 zu
1334 771 1493 809 grosseti

131 828 482 868 Aufmerksamkeit
521 828 593 865 auf
627 827 742 866 wahl
785 828 866 866 und
907 828 1083 877 Stellung
1124 827 1193 866 der
1235 827 1373 867 Worte
1412 827 1494 866 und

130 897 343 935 Ebenmass
370 895 439 935 der
458 895 616 935 Glieder
635 894 808 935 entfernt
825 895 909 935 sich
926 895 1142 946 Xenophon
1158 907 1234 935 von
1253 894 1323 934 der
1341 895 1493 935 Manier

129 963 406 1015 sophistischer
433 963 769 1015 Redekiinstler.³)

251 1031 358 1079 Quae
395 1032 427 1071 si
460 1035 565 1070 recte
593 1031 875 1083 disputavimus
889 1062 899 1081 ,
937 1031 1048 1071 nobis
1074 1031 1278 1074 fatendum
1305 1033 1400 1081 erit,
1435 1032 1492 1071 di-

129 1100 238 1140 cendi
265 1113 405 1150 genus,
441 1100 546 1149 quod
571 1100 672 1138 inest
700 1101 740 1138 in
769 1100 968 1151 Agesilao,
1004 1113 1082 1139 non
1109 1100 1377 1151 Xenophontis
1402 1113 1492 1151 pro-

127 1169 274 1219 prium,
314 1168 383 1207 sed
418 1168 467 1207 ab
509 1181 553 1207 eo
580 1168 747 1207 maxime
784 1180 866 1207 esse
904 1168 1085 1207 alienum.
1139 1169 1361 1220 Tantopere
1389 1169 1491 1208 enim

128 1252 151 1276 a
179 1237 319 1275 ceteris
340 1236 607 1287 Xenophontis
627 1236 783 1286 scriptis
802 1236 1010 1287 discrepat,
1030 1241 1074 1275 ut
1091 1240 1173 1275 tam
1192 1237 1347 1276 diversa
1365 1238 1491 1277 oratio

127 1318 204 1344 non
230 1304 408 1343 videatur
435 1304 483 1343 ab
512 1304 647 1343 eodem
674 1305 864 1355 scriptore
881 1305 1063 1355 usurpari
1081 1305 1266 1355 potuisse.
1304 1304 1491 1344 Veterum

128 1373 286 1424 quidem
313 1374 537 1412 criticorum
564 1385 676 1412 nemo
710 1372 922 1422 dubitavit,
957 1374 1051 1423 quin
1077 1373 1117 1412 in
1144 1373 1370 1418 laudatione
1397 1386 1493 1424 quo-

129 1454 203 1491 que
231 1441 523 1491 Xenophontem
551 1442 774 1491 loquentem
802 1441 970 1481 audiret.
1012 1442 1045 1479 Ii
1073 1442 1203 1489 etiam,
1232 1441 1300 1490 qui
1317 1440 1493 1480 libellum

130 1508 345 1557 ediderunt,
374 1508 526 1548 dicendi
548 1521 668 1559 genus
688 1522 777 1548 vere
797 1522 880 1548 esse
899 1509 1221 1560 Xenophonteum
1239 1521 1364 1559 neque
1382 1509 1493 1560 quid-

129 1574 245 1626 quam
274 1577 453 1624 inveniri,
491 1577 596 1626 quod
622 1576 671 1615 ab
700 1578 783 1616 eius
809 1590 884 1616 usu
911 1577 1141 1625 abhorreat,
1169 1576 1335 1627 probare
1363 1578 1494 1616 conati

130 1649 231 1686 sunt,
286 1646 431 1685 Contra
458 1646 528 1685 hos
556 1658 687 1685 omnes
714 1647 796 1685 stat
822 1645 1072 1685 Valckenarii
1099 1646 1311 1694 sententia,
1339 1646 1407 1695 qui
1434 1646 1493 1688 ita

129 1712 330 1752 iudicavit:
359 1715 580 1752 Proximum
608 1713 759 1752 accedit
786 1713 843 1764 ad>
863 1713 960 1752 illud
986 1714 1119 1752 hocin
1140 1713 1408 1763 Xenophontis
1426 1714 1494 1763 qni

130 1780 272 1819 dicitur
301 1782 480 1832 Agesilao
495 1796 532 1832 p.
563 1785 633 1822 66:
663 1780 807 1835 ἐχθρὸν
828 1781 900 1831 μὲν
928 1778 1064 1821 οὐδένα
1092 1778 1302 1834 ἡγούμενος
1323 1779 1495 1834 πολίτην,

131 1848 302 1887 ἐπαινεῖν
328 1850 368 1888 δὲ
397 1847 545 1895 πάντας
571 1849 728 1897 ἐθέλων,
758 1847 958 1897 σώζεσθαι
985 1850 1029 1888 δὲ
1055 1847 1203 1895 πάντας
1228 1848 1362 1901 κέρδος
1388 1848 1495 1897 νομί-

132 1915 224 1964 ζων,
267 1916 407 1969 ζημίαν
447 1917 490 1956 δὲ
516 1917 661 1965 τιθείς,
698 1916 735 1956 εἰ
768 1918 833 1956 καὶ
870 1915 891 1956 ὁ
918 1921 1059 1970 μικροῦ
1085 1913 1197 1965 ἄξιος
1223 1913 1446 1956 ἆπόλοιτο.“
1460 1917 1494 1968 ⁴)

133 1984 299 2033 Sapiunt
326 1990 365 2024 et
392 1985 470 2024 ista
497 1986 709 2036 sophistam
723 2017 732 2034 ,
766 1986 832 2035 qui
860 1986 1090 2024 meminerat
1117 1983 1298 2037 ἡγεῖσθαι
1324 1988 1364 2024 et
1388 1983 1496 2023 τίθε-

131 2056 228 2092 σθαι
253 2054 315 2093 vel
333 2053 485 2094 τιθέναι
507 2056 547 2093 in
574 2054 707 2093 multis
734 2053 919 2104 loquendi
936 2053 1071 2093 formis
1100 2054 1318 2104 promiscue
1344 2053 1448 2103 poni.
1462 2052 1493 2104 ⁵)

131 2120 237 2160 Idem
264 2122 359 2161 alibi
387 2123 542 2172 scripsit
568 2122 681 2161 haec:
710 2121 822 2168 Quod
842 2123 922 2161 illic
942 2122 1132 2161 monitum
1151 2122 1192 2160 in
1209 2121 1295 2160 istis
1312 2120 1496 2171 loquendi

132 2188 307 2229 formulis
334 2190 551 2240 promiscue
578 2190 857 2241 propemodum
885 2190 1066 2240 usurpari
1079 2202 1191 2228 voces
1218 2185 1330 2239 ἀγών,
1357 2184 1494 2242 καιρός

132 2260 170 2293 et
203 2254 331 2309 ἔργον,
359 2262 553 2297 monstrat-
586 2258 756 2307 Agesilai
788 2258 973 2296 laudator
999 2271 1037 2308 p.
1062 2259 1136 2304 78„
1166 2257 1228 2295 cui
1255 2257 1399 2296 dicitur
1424 2256 1493 2295 ille

264 2374 288 2413 ¹)
311 2372 361 2407 Cf.
381 2372 505 2404 Haase:
527 2372 648 2412 proleg.
671 2371 712 2403 ad
734 2358 831 2413 remp.
855 2371 975 2404 Laced.
995 2382 1027 2412 p.
1051 2371 1098 2403 17.

255 2432 282 2471 2)
305 2430 352 2462 Cf.
376 2429 511 2463 Bernh.:
534 2429 716 2461 wissensch.
741 2430 830 2470 Synt.
853 2428 910 2461 der
932 2429 1053 2471 griech.
1077 2428 1222 2470 Sprachl.
1246 2439 1278 2469 p.
1300 2428 1350 2460 24.

256 2488 282 2528 8)
306 2488 352 2519 Cf.
376 2486 507 2519 Creuz.:
529 2486 642 2519 histor.
665 2487 772 2518 Kunst
794 2486 851 2518 der
871 2486 1001 2519 Griech.
1024 2497 1053 2527 p.
1078 2486 1147 2517 292.

256 2545 282 2586 ⁴)
304 2543 354 2577 cf.
375 2544 438 2585 Ag.
459 2543 530 2576 VII.
557 2545 586 2576 3.

257 2602 284 2643 ⁵)
304 2602 407 2634 Distr.
428 2601 543 2643 Eurip.
565 2611 597 2643 p.
617 2603 647 2635 9.
