1641 2866
813 158 838 194 8

140 281 261 320 buere
287 281 324 320 ei
351 280 449 319 satis
475 279 595 318 fuisse
621 280 787 319 videtur.
844 281 957 327 Quod
983 292 1220 330 quamquam
1247 280 1366 319 certis
1393 291 1508 329 argu-

141 347 285 388 mentis
330 345 551 387 confirmari
596 346 764 388 fortasse
810 361 887 388 non
913 351 1062 400 potest,
1114 347 1343 393 concludere
1377 350 1508 388 tamen

141 417 235 455 licet
259 415 321 454 vel
348 428 395 454 ex
421 415 484 461 iis,
512 427 612 464 quae
639 416 679 454 in
706 415 806 454 libro
834 415 882 454 de
909 416 1113 454 venatione
1129 416 1276 465 scripto
1294 415 1509 465 Xenophon

143 481 377 522 affirmavit:
415 477 507 531 Ἐγώ
534 480 595 520 ’δὲ
622 478 780 534 ἰδιώτης
805 481 877 531 μέν
903 480 999 531 εἰμι,
1027 477 1119 522 οἶδα
1146 481 1189 521 δὲ
1218 478 1280 521 ὅτι
1304 479 1509 535 κράτιστον

141 549 213 601 μέν
246 548 329 590 ἐστι
367 547 477 602 παρὰ
510 546 629 601 αὐτῆς
667 552 737 602 τῆς
772 547 928 603 φύσεως
956 549 1003 588 τὸ
1046 547 1198 602 ἀγαθόν
1242 547 1508 599 διδάσκεσθαι,

142 615 322 671 δεύτερον
355 616 399 657 δὲ
430 616 540 670 παρὰ
571 620 648 656 τῶν
680 615 837 670 ἀληθῶς
872 614 1022 669 ἀγαθόν
1046 632 1086 657 τι
1112 616 1379 668 ἐπισταμένων
1412 617 1508 667 μᾶλ-

141 686 208 725 λον
234 684 258 739 ἢ
292 684 370 725 ὑπὸ
402 688 478 724 τῶν
510 683 708 735 ἐξαπατᾶν
731 685 865 739 τέχνην
890 683 1070 737 ἐχόντων·
1105 687 1200 733 ἴσως
1233 682 1299 725 οὖν
1329 688 1414 731 τοῖς
1439 685 1510 735 μὲν

143 750 328 803 ὀνόμασιν
356 750 401 792 οὐ
429 753 720 806 σεσοφισμένοις
745 753 856 804 λέγω·
885 751 975 793 οὐδὲ
1000 753 1207 807 γὰρ’ζηιῶ
1232 756 1347 792 τοῦτο
1372 768 1406 793 κ.
1424 768 1457 793 τ.
1474 753 1506 792 λ.

148 822 214 873 (cf.
242 822 350 862 XIII.
378 823 416 870 4,
445 822 522 874 sq.)
580 831 583 833 ’

222 891 434 929 Praeterea
462 889 638 929 conferre
665 889 775 929 iuvat
801 889 957 929 initium
984 888 1094 937 libri,
1131 890 1195 929 cui
1221 889 1423 940 inscriptio
1451 894 1510 929 est

141 958 235 1012 περὶ
262 956 438 1009 ἱππικῆς.

195 1026 258 1066 Ita
284 1025 434 1065 factum
464 1027 536 1074 est,
565 1028 610 1064 ut
635 1028 725 1076 post
751 1024 1021 1076 Xenophontis
1058 1028 1226 1064 mortem
1254 1025 1401 1076 scllpta
1427 1026 1509 1065 eius

142 1094 257 1144 vulgo
284 1093 490 1140 ferrentur,
536 1092 606 1132 sed
649 1093 737 1142 quis
781 1095 884 1132 esset
910 1105 1044 1132 eorum
1080 1096 1229 1141 auctor,
1274 1092 1510 1143 ignorabant

142 1161 313 1213 plurimi.
370 1160 582 1200 Mult01um
617 1172 808 1199 annorum
837 1160 964 1211 spatio
1006 1160 1221 1211 preterito
1249 1160 1510 1201 Alexandriae

142 1234 181 1269 et
208 1230 389 1280 Pergami
428 1228 702 1268 celeberrimae
740 1228 833 1268 illae
870 1227 1131 1281 bibliotheca.)
1179 1228 1359 1269 conditae
1405 1233 1507 1277 sunt,

142 1310 307 1348 quarum
336 1288 525 1348 praefecti
538 1296 658 1336 nimio
686 1297 857 1347 correpti
885 1296 1017 1336 studio
1032 1309 1165 1336 omnes
1192 1297 1363 1336 omnium
1390 1298 1510 1348 scrip-

142 1371 271 1406 torum
316 1364 437 1405 libros
475 1364 704 1415 acquirendi
743 1364 1014 1414 quaestionem
1040 1365 1236 1405 interdum
1263 1364 1508 1412 omittebant,

140 1437 274 1472 utrum
301 1433 449 1483 scripta
492 1432 617 1471 allata
660 1444 750 1471 vere
791 1431 897 1471 illius
924 1434 1066 1480 essent,
1095 1433 1203 1471 cuius
1230 1433 1384 1472 nomine
1411 1432 1508 1471 sere-

141 1501 285 1541 bantur
312 1514 383 1540 nec
429 1514 490 1541 ne.
543 1499 639 1540 Inde
678 1500 800 1550 igitur
826 1499 876 1540 ab
903 1501 990 1550 ipso
1016 1500 1085 1539 illo
1112 1504 1288 1551 tempore
1316 1499 1504 1540 librorum

142 1568 483 1618 supponendorum
527 1567 705 1606 fraudem
750 1571 951 1617 tamquam
997 1580 1064 1606 nox
1076 1580 1137 1605 um
1177 1579 1298 1617 genus
1322 1571 1508 1618 quaestus

140 1635 308 1675 faciendi
336 1635 533 1674 exstitisse
574 1634 688 1674 facsse
733 1634 923 1685 suspicari
948 1634 1053 1675 licet.
1106 1635 1285 1674 Fuerunt
1311 1638 1396 1674 tum
1424 1636 1507 1675 sine

141 1702 259 1741 dubio
288 1703 404 1740 etiam
433 1703 473 1750 ii,
515 1702 582 1751 qui
622 1701 755 1748 libros,
797 1713 876 1750 quo
916 1701 1071 1740 facilius
1116 1701 1315 1741 hominum
1346 1703 1508 1753 plausus

141 1769 299 1818 ferrent,
329 1769 535 1810 clarissimi
563 1769 752 1819 cuiusque
787 1769 990 1820 scriptoris
1017 1772 1201 1810 notarent
1228 1771 1394 1811 nomine.
1448 1770 1508 1810 Ex

140 1839 201 1877 his
228 1843 375 1877 certam
404 1837 601 1888 quandam
644 1837 761 1876 fidem
788 1838 868 1876 iam
905 1841 989 1876 tum
1015 1850 1251 1888 magnopere
1279 1851 1507 1878 evanescere

141 1906 281 1954 elucet,
309 1906 349 1945 id
377 1905 483 1956 quod
509 1906 549 1945 in
576 1905 659 1945 dies
693 1905 818 1956 magis
845 1905 930 1945 fieri
964 1905 1139 1946 videmus
1165 1907 1206 1945 in
1236 1906 1509 1946 Alexandrinis

140 1973 434 2024 posterioribus,
474 1974 542 2022 qui
587 1986 712 2023 neque
760 1974 911 2013 sincero
958 1974 1103 2013 iudicio
1141 1974 1356 2013 utebantur
1381 1987 1508 2024 neque

140 2041 404 2081 accuratiores
418 2041 688 2092 inquisitiones
702 2041 973 2090 instituebant;
1003 2041 1073 2081 sed
1100 2054 1170 2082 suo
1198 2042 1363 2093 quisque
1391 2055 1508 2094 saepe

140 2109 283 2159 agebat
310 2109 486 2149 arbitrio.
540 2110 664 2156 Quam
693 2110 742 2148 ob
768 2123 851 2149 rem
877 2111 962 2149 iure
989 2111 1207 2159 meritoque
1233 2110 1298 2150 Fr.
1327 2111 1371 2150 A.
1402 2110 1509 2148 Wol-

139 2176 213 2216 fius
228 2176 258 2229 ¹)
289 2177 478 2227 queritur,
506 2176 611 2227 quod
637 2176 878 2228 temporibus
895 2177 974 2217 illis
1004 2178 1292 2229 suppositorum
1320 2171 1507 2218 librorum

140 2257 235 2283 cura
261 2244 343 2284 fere
369 2244 550 2294 neglecta
576 2245 708 2285 iacuit.
1146 2233 1158 2242 ’

219 2311 368 2360 Quodsi
396 2325 530 2352 revera
556 2312 615 2351 ita
642 2315 718 2361 est,
756 2325 876 2364 quum
913 2313 1063 2353 nullum
1089 2313 1355 2353 testimonium
1382 2314 1507 2365 ipsam

140 2379 407 2430 Xenophontis
435 2383 605 2419 aetatem
633 2381 817 2430 attingat,
855 2382 1124 2431 quaestionem
1161 2395 1252 2420 num
1280 2382 1347 2421 ille
1375 2382 1507 2432 Agesi-

229 2547 251 2585 ¹)
275 2545 322 2578 Cf.
347 2547 496 2588 Prolegg
520 2548 561 2580 ad
583 2548 715 2580 Homer.
737 2557 813 2589 pag.
833 2548 883 2580 48.
908 2547 992 2581 Vide
1012 2552 1183 2589 praeterea
1211 2547 1280 2581 Jos.
1303 2547 1505 2581 Tuellmann.

137 2601 180 2634 de
201 2601 328 2635 llaton.
349 2603 523 2637 Menexeni
545 2605 680 2638 consilio
701 2608 734 2638 et
755 2604 888 2647 origine.
912 2615 972 2647 cap
1006 2605 1032 2639 1.
