1641 2866
759 163 805 199 51

131 286 304 333 Denique
340 283 473 331 verba,
509 284 650 333 quibus
684 286 758 323 hoc
786 288 904 335 caput
931 285 1146 329 clauditur,
1186 283 1264 320 iam
1292 282 1379 320 aliis
1406 268 1489 320 {risa

130 355 221 392 sunt
247 351 492 390 incommoda
525 364 597 390 nec
623 352 778 392 iniuria.
833 351 921 391 Non
947 352 1060 400 enim,
1087 363 1155 389 cur
1181 350 1423 400 voluptatum
1451 352 1490 388 et

127 425 254 461 metus
280 419 353 460 hoc
381 419 466 459 loco
494 421 639 460 mentio
666 419 747 470 fiat,
777 420 872 460 satis
899 419 1144 471 perspicitur.

252 488 377 535 Idem,
414 488 517 536 quod
545 488 592 526 de
612 489 740 537 capite
767 492 918 536 octavo,
946 488 1074 526 valere
1103 487 1256 524 videtur
1283 486 1330 524 de
1360 487 1489 535 capite

127 568 240 595 nono,
294 555 394 594 Nam
417 556 449 606 ξ.
481 557 515 595 1.
531 555 725 595 laudator
752 555 945 606 significat
972 555 1069 594 velle
1089 567 1129 593 se
1157 552 1370 600 ostendere,
1399 565 1492 602 quo·

75 662 84 673 ‚
128 624 241 663 modo
280 623 484 672 Agesilaus
521 636 648 662 mores
683 637 772 662 suos
795 624 937 662 Persae
970 622 1089 661 fastui
1133 622 1358 670 opposuerit
1387 624 1426 658 et
1451 620 1493 657 id

128 692 266 742 ipsum,
295 689 400 740 quod
426 690 499 729 sibi
527 692 743 741 proposuit,
773 692 895 741 usque
923 690 973 729 ad
1001 692 1033 741 ξ.
1060 692 1094 728 6.
1123 692 1228 727 recte
1257 687 1491 737 exsequitur,

129 759 196 799 sed
223 760 272 797 ab
299 760 372 798 hac
399 761 432 810 ξ.
462 772 485 798 a
512 761 714 809 proposito
741 759 911 807 recedit,
948 759 1129 797 nimirum
1156 762 1202 796 ut
1228 757 1357 796 locum
1383 746 1493 795 illuni

129 828 309 866 Hieronis
337 827 461 877 possit
488 827 710 877 adiungere.

252 896 401 941 Restat,
429 899 473 934 ut
500 895 548 934 de
567 896 695 946 capite
716 895 919 934 undecimo
934 895 1157 934 brevissime
1176 893 1376 932 disseram.
1417 891 1494 929 Alii

129 965 245 1003 aliam
273 964 313 1002 in
340 963 509 1002 medium
536 964 785 1014 protulerunt
812 964 1059 1011 sententiam,
1087 963 1182 1013 quin
1209 962 1329 1001 etiam
1356 960 1397 1008 ii,
1425 960 1493 1010 qni

129 1033 335 1083 genuinum
370 1032 468 1070 illud
506 1045 591 1071 esse
630 1033 890 1081 contendunt,
932 1032 1026 1082 quid
1063 1031 1136 1070 sibi
1163 1032 1276 1077 velit,
1322 1030 1426 1068 iuter
1452 1041 1493 1066 se

129 1101 340 1151 disputant.
423 1099 559 1151 Capite
614 1102 714 1139 enim
768 1101 915 1140 decimo
970 1101 1184 1141 encomium
1238 1104 1329 1151 apte
1373 1104 1492 1150 atque

130 1169 282 1219 egregie
325 1169 579 1217 terminatur,
625 1173 670 1207 ut
708 1170 847 1208 lacuna
887 1173 956 1208 aut
992 1169 1175 1208 damnum
1216 1181 1292 1207 non
1317 1165 1418 1216 fiat,
1459 1169 1493 1206 si

130 1237 373 1275 undecimum
401 1240 519 1286 caput
559 1237 766 1274 omittitur.
832 1237 992 1275 Accedit
1030 1237 1135 1287 quod
1175 1237 1390 1275 sententiae
1429 1235 1492 1273 hic

129 1305 357 1343 enunciatae
408 1304 507 1342 male
556 1304 658 1342 iuter
710 1317 751 1342 se
805 1305 1014 1343 cohaerent
1069 1317 1350 1355 perperamque
1401 1307 1493 1341 sunt

129 1371 344 1412 ordinatae.
400 1372 462 1412 Sic
499 1371 653 1411 initium
694 1373 861 1412 sumitur
901 1387 923 1412 a
951 1374 1110 1424 pietatis
1137 1386 1270 1422 sensu,
1305 1372 1356 1412 ad
1383 1372 1493 1412 forti-

129 1439 303 1479 tudinem
333 1445 372 1480 et
398 1441 628 1492 sapientiam
656 1442 827 1492 pertinet
853 1443 886 1493 ξ.
916 1444 950 1489 9,
980 1441 1029 1481 ad
1057 1441 1247 1481 iustitiam
1274 1442 1307 1493 ξ.
1336 1444 1371 1481 3.
1399 1444 1440 1480 et
1456 1444 1491 1487 8,

125 1509 176 1547 ad
212 1510 489 1549 continentiam
528 1514 568 1549 et
602 1511 901 1561 temperantiam
935 1512 966 1562 ξ.
997 1513 1032 1551 6.
1060 1514 1100 1550 et
1131 1513 1188 1549 10.
1250 1509 1493 1561 Paragraphi

126 1580 160 1616 4.
203 1580 237 1617 5.
277 1581 311 1623 7,.
356 1582 413 1617 11.
449 1578 676 1617 referendae
714 1583 807 1617 sunt
839 1579 888 1618 ad
917 1578 1166 1619 secundarias
1195 1578 1283 1617 illas
1312 1579 1488 1624 virtutes,

125 1657 223 1695 quas
261 1647 429 1696 scriptor
465 1658 548 1697 cap.
585 1646 688 1685 VIII.
725 1646 789 1685 IX.
827 1646 872 1685 X.
909 1649 1235 1687 commemoravit.
1292 1647 1399 1694 Quae
1430 1647 1488 1685 in-

125 1718 214 1755 sunt
240 1715 279 1752 in
314 1716 369 1766 §§.
411 1715 578 1762 12—13,
615 1727 701 1753 cum
735 1714 973 1754 laudationis
1002 1715 1128 1754 verbis
1155 1715 1222 1755 VI.
1251 1718 1306 1764 8.,
1334 1714 1489 1764 reliqua

126 1793 212 1819 cum
258 1782 303 1820 X.
352 1786 385 1820 4.
433 1782 530 1821 adeo
576 1784 805 1828 concinunt,
852 1787 896 1821 ut
940 1796 1009 1822 cur
1053 1783 1149 1822 haec
1189 1784 1267 1822 sint
1309 1783 1489 1833 repetita,

126 1848 253 1887 adhuc
288 1863 400 1889 nemo
439 1852 537 1889 satis
573 1851 837 1902 explicaverit.
893 1851 950 1890 De
985 1852 1049 1900 iis,
1087 1864 1187 1902 quae
1226 1864 1327 1890 nova
1353 1849 1489 1888 addita

126 1920 227 1966 sunt,
255 1917 295 1956 in
322 1918 516 1969 particula
543 1918 670 1958 altera
698 1918 790 1959 dixi.
846 1919 953 1967 Quae
981 1932 1100 1970 quum
1126 1920 1183 1959 ita
1210 1919 1310 1967 sint,
1339 1918 1490 1958 animus

125 1985 301 2035 inclinat,
330 1991 374 2024 ut
402 1987 570 2035 credam,
599 1987 892 2037 compilatorem
912 1989 1039 2038 capite
1060 1987 1209 2026 decimo
1228 1999 1382 2037 unaque
1402 1998 1489 2025 cum

126 2065 171 2092 eo
198 2056 283 2093 toto
313 2055 484 2094 encomio
512 2054 711 2103 absoluto,
743 2068 869 2106 pauca
897 2056 1015 2095 etiam
1042 2056 1082 2094 in
1110 2055 1266 2094 residuo
1293 2054 1486 2094 habuisse.

126 2120 185 2159 Ex
216 2121 277 2160 his
315 2122 435 2172 igitur
472 2122 608 2162 frustis
635 2126 752 2162 antea
780 2123 954 2162 collectis
982 2130 1100 2174 caput
1128 2123 1373 2162 undecimum
1402 2135 1491 2160 con-

126 2187 218 2228 fecit
255 2193 294 2229 et
328 2203 414 2229 cum
449 2190 769 2230 antecedentibus
796 2191 856 2230 his
884 2192 1084 2231 coniunxit
1113 2192 1257 2232 verbis:
1298 2190 1488 2242 βούλομαι

126 2255 168 2293 δὲ
200 2257 265 2295 καὶ
294 2256 334 2296 ἐν
365 2258 591 2311 κεφαλαίοις
628 2258 858 2297 ἐπανελθεῖν
890 2259 958 2311 τὴν
991 2258 1129 2312 ἀρετὴν
1167 2257 1285 2298 αὐτοῦ
1318 2275 1350 2298 κ.
1386 2273 1418 2298 τ,
1457 2260 1489 2297 λ.

126 2335 225 2373 quae
252 2325 520 2377 Xenophontis
548 2339 631 2366 esse
659 2327 741 2378 ipse
770 2326 1001 2380 Heilandius
1031 2329 1165 2379 utique
1194 2327 1360 2379 negavit.
1376 2327 1403 2379 ²)

249 2394 332 2433 Iam
359 2399 548 2445 superest,
575 2399 620 2433 ut
647 2394 695 2433 de
723 2407 899 2434 sermone
928 2408 975 2434 ac
1002 2396 1158 2436 dicendi
1187 2409 1326 2447 genere
1355 2396 1488 2445 paucis

124 2458 308 2514 dicamus.
365 2462 485 2503 Suum
523 2463 707 2515 cuiusque
752 2464 949 2515 ingenium
985 2467 1055 2513 est,
1084 2464 1188 2515 quod
1216 2464 1349 2504 stilum
1377 2463 1491 2514 fingit

253 2605 277 2644 ι)
300 2603 349 2638 Cf.
372 2604 498 2646 Proleg.
524 2615 553 2646 p.
576 2605 648 2637 XX.

1169 2660 1218 2695 4*
