1641 2866
769 161 823 199 23

119 279 357 333 eundemque
397 285 453 322 rei
493 285 674 325 nauticae
700 286 963 336 praepositum
1002 285 1162 324 urbibus
1192 287 1232 324 in
1267 285 1405 324 insulis
1440 289 1480 324 et

119 352 158 389 in
195 363 265 388 ora
305 344 390 388 sitis
427 364 544 390 naves
577 352 826 402 imperavisse
862 356 1065 391 narratum
1104 358 1164 390 est
1196 354 1236 391 in
1267 352 1479 391 Hellenicis

121 418 188 457 III.
219 420 253 457 4.
282 417 449 456 27-28,
478 422 517 457 et
543 419 608 458 IV.
639 420 674 460 1.
706 423 737 457 l.

246 485 306 524 Ad
338 489 580 535 postremum
616 487 838 536 Agesilaum
878 500 1026 526 summo
1060 487 1236 527 floruisse
1268 488 1414 526 honore
1441 491 1482 526 et

118 555 157 591 in
186 564 232 590 ea
250 552 367 590 fuisse
383 565 462 602 spe,
490 566 620 603 regem
644 554 850 592 Persarum
868 566 910 593 se
934 567 1017 592 esse
1036 559 1252 604 capturum,
1281 554 1481 593 sedtamen

118 633 237 670 quum
277 633 374 671 opus
415 634 497 660 esse
537 623 759 661 nuntiatum
803 627 905 661 esset
922 654 933 670 ,
976 623 1128 673 patriae
1164 623 1307 661 auxilio
1340 623 1481 670 venire,

119 688 273 737 ephoris
301 687 526 727 obsecutum
554 701 658 737 esse,
692 689 837 728 multos
864 689 1127 728 lacrimavisse
1157 689 1481 740 decedentemque

119 768 247 805 regem
280 756 463 805 prosequi
501 769 634 795 omnes
668 755 788 795 fuisse
822 760 984 807 paratos
1017 770 1147 796 rerum
1173 761 1353 796 narrator
1379 758 1483 808 copi-

120 823 222 861 osius
249 824 497 871 perscripsit,
533 836 582 861 ex
609 823 748 873 quibus
777 825 944 873 scriptor
971 838 1035 872 ea,
1069 838 1168 874 quae
1196 826 1232 862 ei
1258 825 1480 874 pla-cebant,

119 881 253 928 eadem
288 889 477 929 vocabula
512 891 741 941 plerumque
769 891 961 940 retinens,
1000 892 1116 942 elegit
1143 895 1263 942 atque
1290 892 1483 932 rhetorice

119 958 381 1006 exaggeravit.
438 958 631 1007 Compara
670 971 815 1007 quaeso
844 959 1132 998 Hellenicorum
1171 972 1256 1009 cap.
1284 960 1353 998 111.
1384 963 1419 998 5.
1450 963 1481 996 1.

119 1025 159 1062 et
186 1036 270 1075 cap.
298 1024 365 1064 IV.
394 1027 428 1065 2.
459 1027 572 1065 2—4.

244 1092 339 1142 Cap.
366 1093 416 1131 H.
452 1093 539 1132 Hoc
566 1093 692 1133 altero
720 1095 848 1144 capite
875 1094 1059 1134 laudator
1087 1095 1249 1135 eandem
1279 1096 1482 1135 historiam

121 1157 308 1198 Graecam
338 1164 494 1199 secutus
520 1173 582 1200 res
608 1160 658 1200 ab
685 1161 866 1212 Agesilao
894 1162 935 1201 iu
955 1161 1121 1201 Graecia
1147 1166 1277 1213 gestas
1305 1167 1476 1202 enarrat.

121 1227 251 1276 Atque
277 1227 431 1266 initium
460 1231 656 1278 sumptum
684 1232 744 1268 est
771 1242 819 1268 ex
844 1229 945 1268 libro
977 1233 1129 1279 quarto,
1158 1230 1225 1269 ubi
1262 1231 1484 1280 Agesilaum

122 1295 287 1346 legimus
320 1295 455 1335 eadem
482 1295 562 1345 via,
605 1308 685 1346 qua
709 1295 917 1336 Persarum
944 1310 1092 1348 regem,
1131 1311 1219 1337 cum
1247 1298 1419 1337 exercitu
1445 1300 1486 1336 in

121 1362 325 1401 Graeciam
353 1363 570 1413 profectum
597 1376 683 1402 esse
707 1376 824 1413 quam
855 1365 1068 1403 celerrime.
1098 1365 1180 1416 (IV.
1200 1369 1234 1404 3.
1258 1366 1309 1417 1.)
1338 1366 1485 1404 Deinde

122 1443 146 1469 a
182 1431 213 1482 ξ.
244 1432 279 1469 2.
308 1443 430 1482 usque
458 1430 509 1471 ad
535 1432 569 1484 ἓ.
599 1433 633 1471 7.
662 1431 814 1471 servilis
840 1431 907 1471 ille
935 1432 1165 1483 compilator
1190 1433 1485 1484 Xenophontem

123 1511 257 1537 rursus
285 1498 335 1537 ad
362 1498 521 1537 verbum
549 1500 772 1550 exscripsit,
807 1500 874 1549 qui
902 1500 943 1538 in
966 1500 1179 1539 Hellenicis
1205 1501 1322 1551 plane
1350 1501 1486 1540 eadem

120 1566 328 1604 memoriae
361 1565 546 1616 prodidit.
581 1565 663 1618 (IV.
692 1567 728 1607 3.
758 1566 1020 1619 3-10-15.)
1074 1567 1157 1606 Iam
1184 1571 1229 1606 ut
1258 1581 1394 1618 supra,
1428 1569 1486 1607 ita

120 1633 183 1672 hic
210 1646 366 1683 quoque
394 1634 565 1684 Agesilai
591 1635 650 1673 rei
676 1635 858 1674 militaris
875 1635 1084 1685 prudentia
1102 1636 1219 1674 simili
1237 1636 1352 1674 modo
1371 1649 1484 1685 prae-

121 1700 285 1749 dicatur,
314 1713 391 1751 quo
418 1700 633 1752 Xenophon
661 1701 804 1752 Cyrum
830 1702 1018 1741 maiorem
1044 1702 1231 1751 laudavit,
1260 1716 1381 1753 quare
1409 1704 1485 1742 sin·

124 1769 213 1818 gula
242 1782 262 1808 e
290 1768 532 1819 Cyropaedia
558 1770 701 1808 hausta
727 1782 810 1808 esse
837 1773 1011 1809 statuere
1036 1771 1162 1811 velim.
1208 1771 1482 1821 Compluribus

122 1836 224 1874 enim
258 1836 354 1875 locis
381 1835 596 1887 Xenophon
625 1836 767 1886 Cyrum
802 1837 913 1875 enixe
948 1849 1105 1886 operam
1140 1838 1293 1876 dedisse
1322 1851 1487 1877 comme-

122 1907 260 1951 morat.
289 1907 333 1942 ut
360 1904 492 1944 hostes
519 1904 688 1943 militum
711 1917 871 1943 numero
899 1904 1139 1954 adaequaret
1169 1905 1228 1944 vel
1255 1906 1353 1945 adeo
1374 1919 1486 1957 supe-

122 1975 229 2010 raret
270 1984 394 2022 neque
415 1976 561 2011 temere
589 1985 677 2010 eum
704 1984 791 2010 cum
818 1972 954 2022 paucis
982 1976 1118 2010 contra
1146 1973 1289 2012 multos
1316 1986 1488 2023 pugnam

124 2040 374 2080 commisisse.
391 2040 421 2092 ¹)
475 2039 584 2079 Idem
620 2039 765 2079 milites
793 2039 970 2079 omnibus
997 2039 1114 2079 rebus
1141 2042 1339 2080 ornavisse
1368 2046 1406 2080 et
1432 2043 1491 2081 ita

124 2109 342 2147 exercuisse
389 2108 554 2156 dicitur,
600 2111 645 2146 ut
677 2107 830 2147 labores
871 2107 1028 2147 facilius
1070 2109 1237 2148 tolerare
1274 2114 1446 2159 possent.
1457 2111 1488 2160 ²)

108 2177 333 2215 Praeterea
369 2176 517 2216 animos
555 2189 713 2216 suorum
749 2175 889 2215 ardore
922 2179 1041 2227 atque
1076 2177 1282 2216 alacritate
1298 2209 1306 2225 ‚
1342 2177 1489 2227 gloriae

125 2244 358 2294 cupiditate,
400 2248 468 2295 spe
500 2257 642 2299 magna
668 2244 854 2295 implevit.
865 2244 899 2296 ³)
953 2244 1101 2284 Eadem
1126 2245 1264 2283 iisdem
1292 2246 1489 2284 interdum

124 2311 252 2350 verbis
281 2312 314 2350 si
343 2312 392 2351 de
418 2312 601 2363 Agesilao
627 2311 916 2363 praedicantur,
944 2325 1036 2351 num
1064 2312 1202 2359 credis,
1230 2314 1369 2352 mira-m
1389 2314 1487 2353 hanc

253 2421 276 2463 ¹)
298 2420 344 2452 Cf.
367 2421 481 2463 Cyrop.
505 2421 561 2454 IV.
584 2425 603 2453 ῦ
638 2423 675 2453 15
712 2423 736 2452 V
770 2423 799 2454 ἱ).
822 2422 868 2453 22.

249 2479 276 2518 2)
299 2478 415 2521 Cyrop.
436 2479 491 2512 lv.
514 2480 543 2512 2.
566 2479 616 2512 22.
648 2480 702 2518 VI,
724 2480 753 2511 4.
784 2481 810 2511 1.
841 2479 898 2513 ΠΙ.
919 2479 948 2513 3.
971 2482 1000 2513 9.
1027 2480 1115 2514 VIII.
1139 2483 1166 2512 1.
1188 2481 1238 2513 36.

253 2537 279 2575 ἔς)
302 2535 381 2568 Ibid.
403 2536 443 2568 ΙΙ.
468 2537 494 2567 1.
520 2525 567 2569 13.
611 2537 666 2568 111.
691 2537 719 2570 3.
744 2537 791 2569 12.
820 2555 859 2561 —
893 2537 934 2569 H.
958 2539 986 2570 1.
1008 2538 1059 2570 22.
1097 2538 1150 2570 V1.
1173 2538 1203 2571 2.
1226 2537 1254 2571 ’4.
1297 2539 1365 2571 Vll.
1388 2540 1416 2570 1.
1440 2540 1488 2571 18.

125 2591 210 2625 vm.
237 2595 263 2625 l,
286 2593 335 2626 39.
360 2613 393 2617 -
420 2594 443 2626 Ι.
466 2595 495 2628 6.
519 2595 564 2627 19.
