1641 2866
762 176 814 215 33

105 299 324 340 tradiderat
348 300 389 338 in
417 299 629 349 eodemque
654 299 754 340 libro
769 300 817 339 de
836 299 1012 339 exulibus
1031 299 1322 339 Corinthiorum
1337 310 1464 338 sermo

107 372 178 408 est.
194 368 224 420 ¹)
280 367 392 415 Quod
422 367 626 417 Agesilaus
658 367 775 416 dicit,
811 367 983 407 Graecas
1015 367 1132 406 urbes
1165 367 1205 405 in
1241 367 1467 406 servitutem

106 435 263 476 detrudi
294 448 372 474 non
405 434 569 484 debere,
607 435 712 474 idem
738 434 843 486 apud
869 435 1165 486 Xenophontem
1193 433 1468 474 Callicratidas

105 504 221 544 sociis
255 503 476 554 respondet.
489 503 522 548 ἰ)
577 503 731 550 Quanto
769 515 862 553 erga
899 502 1070 542 Graecos
1105 515 1254 550 amore,
1289 506 1400 541 tanto
1427 504 1467 541 in

105 572 246 610 Persas
282 570 372 610 odio
409 570 612 620 Agesilaus
647 569 810 609 affectus
837 569 957 610 fuisse
984 569 1102 620 idque
1131 570 1254 619 egisse
1282 569 1469 609 describi-

105 642 190 688 tur,
227 642 271 678 ut
307 641 442 688 gentes
476 638 528 678 ad
552 651 594 678 se
622 637 844 678 deficerent.
898 637 1000 677 Huic
1027 638 1153 677 simile
1182 642 1254 682 est,
1297 638 1401 688 quod
1426 639 1467 677 in

105 707 355 756 Hellenicis³)
381 706 543 757 legitur:
581 704 704 746 πάλαι
734 703 873 746 τούτου
900 706 1122 756 ἐπιθυμῶν,
1164 709 1234 745 τοῦ
1260 702 1468 759 ἀφιστάναι

103 789 143 814 τι
174 772 290 821 ἔθνος
318 770 399 813 ἇπὸ
423 773 628 825 βασιλέως,
664 788 786 825 quare
812 775 887 816 hoc
912 788 1068 826 quoque
1095 774 1147 814 ad
1170 774 1466 825 Xenophontem

105 843 243 882 refero.
654 874 657 877 .
718 876 719 879 ,

230 910 323 961 Cap.
355 910 456 951 VIII.
510 910 652 961 Agitur
686 910 734 949 de
770 911 818 949 iis
850 910 1077 958 virtutibus,
1118 922 1218 960 quae
1245 909 1465 949 hominibus

104 991 193 1018 vere
222 979 373 1029 magnis
399 991 541 1029 magno
569 982 661 1018 sunt
688 978 837 1019 honori.
878 980 934 1018 Ac
960 979 1128 1030 primum
1155 977 1313 1029 quidem
1333 978 1469 1028 Agesi-

102 1047 166 1086 lao
192 1045 384 1085 tribuitur
411 1047 586 1095 comitas,
615 1046 807 1086 modestia
821 1078 830 1096 ,
857 1034 1038 1086 facilitas.
1092 1047 1201 1085 Haec
1229 1058 1469 1097 quamquam

105 1114 257 1165 singula
284 1113 389 1165 apud
415 1113 709 1166 Xenophontem
737 1128 815 1154 non
843 1118 1017 1164 exstant,
1045 1118 1176 1154 tamen
1204 1127 1281 1154 non
1306 1126 1466 1165 prorsus

104 1182 264 1231 desunt,
293 1182 434 1232 quibus
460 1183 596 1223 rhetor
631 1184 705 1222 niti
737 1185 874 1234 possit.
928 1183 1030 1223 Nam
1056 1184 1096 1221 in
1123 1183 1335 1237 Hellenicis
1345 1182 1379 1233 ⁴)
1408 1183 1467 1221 in—

103 1249 311 1288 veniuntur
341 1249 455 1289 haec:
492 1247 513 1288 ὁ
551 1249 594 1288 δὲ
624 1249 874 1302 Ἀγησίπολις
907 1252 963 1300 τῷ
990 1246 1206 1302 Ἀγησιλάῳ
1242 1248 1373 1295 ἱκανὰς
1397 1247 1468 1298 μὲν

102 1312 147 1369 ἦν
180 1316 246 1357 καὶ
284 1316 469 1370 ἡβητικῶν
502 1318 567 1358 καὶ
608 1318 780 1358 ἱππικῶν
810 1318 875 1358 καὶ
908 1318 1097 1357 παιδικῶν
1127 1315 1250 1368 λόγων
1275 1316 1465 1367 μετέχειν.

103 1386 313 1424 Praeterea
339 1385 514 1425 conferre
540 1386 633 1425 licet
658 1399 716 1434 ea,
744 1399 844 1436 quae
872 1386 919 1425 de
947 1385 1076 1437 Cyri⁵)
1105 1390 1145 1424 et
1171 1385 1219 1424 de
1248 1385 1461 1438 Socratisss)

105 1452 385 1493 consuetudine
407 1457 569 1493 narrata
595 1457 697 1502 sunt,
725 1453 777 1493 ad
802 1466 968 1504 quorum
996 1453 1213 1504 exemplum
1242 1453 1465 1503 Agesilaum

105 1519 278 1558 effictum
304 1533 387 1559 esse
413 1521 492 1559 iam
518 1523 636 1560 antea
661 1520 838 1560 vidimus.

229 1587 377 1627 Deinde
417 1587 542 1627 libera
583 1587 805 1627 celebratur
841 1588 1011 1638 Agesilai
1045 1587 1311 1636 contumacia,
1348 1600 1466 1638 quam

104 1655 275 1695 ostendit
300 1656 342 1695 in
366 1655 618 1707 repudiandis
644 1656 851 1695 Persarum
878 1656 989 1695 donis
1006 1655 1239 1705 litterisque,
1268 1655 1361 1694 dum
1381 1656 1466 1706 ipse

104 1722 154 1762 ab
192 1723 297 1763 omni
329 1723 497 1763 avaritia
528 1724 678 1763 alienus
711 1724 918 1764 Persarum
955 1724 1039 1775 regi
1079 1723 1198 1762 etiam
1234 1723 1275 1762 in
1313 1723 1465 1762 vivendi

102 1791 255 1831 ratione
280 1795 483 1843 tamquam
501 1791 746 1832 adversarius
764 1793 985 1843 opponitur.
1020 1792 1082 1831 Ita
1101 1804 1159 1840 ea,
1184 1804 1284 1842 quae
1303 1804 1423 1842 supra
1432 1793 1465 1843 ¹¹)

103 1858 322 1908 significata
340 1862 443 1908 sunt,
470 1860 579 1898 novis
597 1859 783 1910 exemplis
808 1859 1058 1898 illustrantur
1084 1859 1273 1908 novisque
1300 1858 1466 1909 amplifi-

103 1929 243 1966 cantur
273 1925 468 1968 laudibus.
520 1926 583 1967 Ad
615 1930 828 1967 extremum
862 1927 1088 1977 Agesilaum
1123 1939 1243 1977 quum
1270 1926 1462 1966 rationem

102 1993 253 2033 reditus
281 1998 320 2034 et
346 1995 609 2046 impensarum
627 1995 834 2046 diligenter
861 1995 1097 2043 institueret,
1126 2007 1326 2045 nunquam
1353 2007 1463 2034 coac-

102 2065 187 2101 tum
213 2075 297 2103 esse
323 2062 507 2103 laudator
532 2063 744 2115 praedicat,
771 2067 816 2103 ut
841 2063 986 2103 iniuste
1012 2062 1171 2102 faceret.
1206 2062 1314 2102 Haec
1335 2076 1463 2103 nonne

102 2130 185 2170 eius
212 2134 272 2170 est
294 2131 499 2181 sententia,
526 2132 594 2182 qui
623 2131 821 2172 Socratem
848 2131 998 2171 inducit
1025 2130 1239 2170 dicentem:
1276 2127 1464 2170 δικαιότε-

229 2269 254 2309 ¹)
276 2268 325 2301 Of.
349 2268 436 2302 Hell.
457 2268 496 2301 V.
521 2270 548 2301 l.
568 2268 619 2301 34.

225 2326 253 2366 2)
272 2325 358 2359 Hell.
378 2325 404 2358 1.
427 2325 457 2358 6.
480 2325 531 2358 14.

225 2384 251 2421 ³)
274 2382 361 2417 Hell.
380 2382 437 2415 IV.
461 2382 491 2416 1.
512 2382 543 2416 2.

224 2440 252 2479 ⁴)
274 2438 314 2473 V.
335 2439 367 2474 3.
387 2439 438 2473 20.

225 2498 252 2536 ⁵)
275 2496 392 2540 Cyrop.
412 2497 485 2530 VII.
507 2496 538 2530 5.
559 2496 611 2529 53.

224 2555 252 2596 6)
273 2552 408 2588 Conviv.
427 2553 484 2588 IV.
504 2553 556 2588 44.

225 2612 253 2654 Τ)
276 2612 372 2654 Ages.
396 2622 467 2654 cap.
487 2612 542 2645 IV.
565 2615 597 2644 et
619 2611 690 2645 V11.
