1641 2866
784 189 836 226 21·

127 316 227 356 enim
263 313 466 353 consilium
502 317 572 352 aut
602 313 739 363 pacem
765 310 933 351 faciendi
960 314 1030 349 aut
1056 310 1139 358 regi
1167 309 1366 348 molestias
1394 306 1486 347 affe-

125 382 235 424 rendi
253 381 450 421 nobiscum
477 380 736 419 communicat
750 391 898 429 nosque
911 378 1038 425 docet,
1056 390 1176 428 quare
1189 375 1485 416 Lacedaemonii

126 452 173 491 de
211 451 285 489 hoc
313 449 473 488 consilio
500 452 706 498 tantopere
733 448 857 497 gavisi
883 446 972 486 sint.
1032 446 1212 484 Ceterum
1237 457 1320 483 rem
1346 443 1485 483 melius

126 519 208 570 geri
235 516 284 556 ab
312 529 370 565 eo,
398 516 466 566 qui
491 514 624 554 hostes
650 514 755 554 ultro
782 514 1044 565 aggrediatur,
1074 525 1190 563 quam
1218 512 1341 562 quise
1355 510 1486 550 defen-

126 587 194 625 dat
233 586 377 632 solum,
412 585 453 623 id
488 584 593 634 quod
628 582 855 622 Thimbroni
888 583 982 621 vitio
1011 582 1128 619 dat-ur
1154 581 1240 631 (ΙΙΙ.
1274 584 1306 621 1.
1334 581 1405 630 5.),
1445 578 1486 617 id

124 654 250 704 ipsum
285 652 434 691 discere
466 651 595 702 potuit
629 663 652 689 a
689 649 961 701 Xenophonte,
1000 649 1065 699 qui
1095 649 1133 686 in
1162 647 1372 686 Hellenicis
1401 645 1484 699 (IV.

127 724 160 759 2.
208 719 390 772 11--12.)
432 719 648 758 Timolaum
685 718 780 757 facit
807 717 1055 764 suadentem,
1088 720 1133 755 ut
1159 714 1485 755 Lacedaemonios

124 789 165 828 in
206 788 291 838 ipsa
334 787 526 826 Laconica
563 787 659 825 socii
694 785 984 836 deprehendere
1021 784 1221 831 studeant,
1260 784 1323 822 cui
1361 783 1486 822 simile

127 855 324 895 Teleutiae
353 854 556 893 consilium
583 853 686 892 infra
713 853 776 905 (V.
807 854 841 892 1.
871 853 950 904 20.)
980 853 1196 902 exponitur.
1229 851 1352 890 Valde
1365 851 1487 900 igitur

125 923 286 963 dubium
314 925 393 970 est,
423 925 555 961 utrum
581 921 679 960 haec
706 933 861 972 quoque
888 933 936 959 ex
961 920 1114 970 ingenio
1141 918 1408 970 Xenophontis
1436 930 1486 957 an

124 991 340 1031 laudatoris
368 990 562 1029 fluxerint.
601 989 715 1028 Certe
742 990 816 1027 hac
834 988 1073 1039 digressione
1092 988 1198 1026 facta
1212 988 1264 1027 ad
1280 987 1486 1026 historiam

125 1059 318 1100 Graecam
352 1071 530 1098 reversus
568 1056 799 1108 compilator
825 1057 961 1108 paucis
994 1056 1043 1109 (ξ.
1075 1058 1153 1109 10.)
1182 1054 1485 1106 comprehendit,
1509 1070 1511 1072 ·

124 1141 224 1179 quae
257 1127 311 1166 ibi
345 1127 445 1179 (cap.
481 1125 551 1165 111.
585 1129 620 1166 4.
650 1126 784 1171 5—6.)
816 1125 940 1164 fusius
966 1125 1208 1172 referuntur,
1238 1125 1306 1163 sed
1333 1123 1486 1173 singula.

124 1196 206 1235 fere
233 1195 396 1235 encomii
423 1193 542 1233 verba
567 1194 608 1233 in
635 1192 847 1233 Hellenicis
874 1193 1054 1244 reperies,
1083 1192 1255 1243 exceptis
1282 1192 1362 1231 his:
1405 1189 1480 1244 0¹ch

123 1261 289 1313 σάμενος
320 1265 390 1315 τῆς
423 1260 603 1315 πράξεως
632 1263 739 1314 τρεῖς
763 1263 906 1313 μῆνας,
934 1274 1033 1310 quae
1061 1261 1161 1299 unde
1189 1261 1366 1298 derivata
1393 1261 1484 1306 sint,

124 1331 301 1382 quaestio
329 1333 389 1369 est
415 1329 571 1369 omnino
599 1327 771 1368 obscura.
817 1328 939 1368 Porro
968 1327 1292 1378 quemadmodum
1327 1328 1366 1366 in
1394 1327 1486 1366 Hel-

122 1399 257 1439 lenicis
287 1399 372 1449 (ΙΙΙ.
402 1401 437 1438 4.
455 1397 521 1449 6.),
549 1397 607 1436 ita
631 1396 696 1436 hic
723 1396 993 1448 Tissaphernis
1021 1399 1345 1436 commemoratur
1371 1395 1485 1446 perfi-

123 1466 209 1515 dia,
250 1466 346 1505 fides
388 1464 560 1516 Agesilai
600 1465 651 1517 (ξ.
691 1463 768 1517 11.)
808 1465 1027 1515 iterumque
1071 1464 1246 1503 narratio
1287 1463 1486 1514 paulisper

120 1535 430 1585 interrumpitur,
453 1547 530 1585 quo
551 1533 690 1573 melius
710 1533 881 1584 Agesilai
907 1534 1034 1572 virtus
1059 1537 1328 1584 cognoscatur.
1366 1533 1485 1580 Quat-

122 1607 230 1652 tuor,
262 1615 363 1653 quae
392 1604 610 1652 sequuntur
641 1601 880 1652 paragraphi
915 1601 1128 1654 (13—16.)‚
1158 1614 1249 1640 cum·
1273 1601 1485 1640 Hellenicis

124 1671 210 1722 (ΙΙΙ.
231 1674 266 1709 4.
298 1670 479 1720 11-12.)
499 1669 550 1709 ad
576 1668 736 1709 verbum
756 1673 984 1720 congruunt.

249 1739 348 1777 Tum
375 1750 511 1776 rursus
538 1737 705 1788 scriptor
733 1737 1027 1788 Xenophontem
1055 1739 1240 1788 seposuit,
1268 1739 1382 1788 quasi
1408 1750 1486 1775 me-

124 1809 266 1855 tueret,
295 1819 343 1845 ne
357 1805 472 1845 nimis
490 1805 707 1845 laudatoris
725 1809 858 1856 partes
877 1806 1079 1856 neglegere
1098 1807 1305 1846 videretur⁴
1347 1806 1485 1856 Itaque

123 1874 303 1913 bellicam
334 1874 503 1924 Agesilai
529 1873 797 1924 prudentiam,
830 1886 946 1923 quam
974 1874 1144 1912 ostendit
1168 1874 1307 1913 fraude
1335 1875 1374 1912 in
1403 1874 1486 1912 Tis-

124 1941 355 1993 saphernem
383 1941 577 1990 adhibita,
611 1942 824 1981 amicorum
852 1954 963 1990 cura,
997 1942 1238 1992 captivorum
1269 1942 1486 1986 clementia,

124 2010 274 2059 magnis
310 2010 421 2049 effert
453 2009 647 2049 laudibus.
702 2009 848 2057 Quodsi
880 2010 1054 2059 quaeris,
1088 2022 1180 2048 num
1208 2009 1303 2048 haec
1332 2009 1379 2047 de
1408 2010 1487 2047 suis

126 2078 246 2128 copiis
272 2077 455 2116 laudator
480 2078 780 2128 interposuerit,
808 2078 892 2116 iure
919 2076 960 2115 id
987 2078 1124 2127 negari
1151 2076 1334 2116 arbitror.
1389 2077 1489 2115 Nam

124 2145 328 2196 plurimae,
356 2157 455 2195 quas
481 2144 545 2184 hic
569 2145 746 2196 legimus,
775 2145 991 2185 sententiae
1013 2146 1053 2184 111
1069 2144 1359 2196 Xenophonteis
1377 2144 1488 2184 libris

126 2214 279 2264 saepius
313 2214 430 2253 simili
463 2214 615 2253 ratione
642 2214 872 2252 enunciatae
899 2216 991 2252 sunt
1017 2226 1141 2263 neque
1163 2213 1390 2252 incredibile
1417 2218 1488 2260 est,

125 2281 351 2332 sophistam,
380 2295 480 2333 quae
506 2282 548 2321 in
574 2281 675 2333 Cyro
693 2282 840 2322 maiore
853 2281 1059 2333 praeclara
1080 2288 1323 2332 cognoverat,
1353 2281 1488 2321 eadem

125 2349 166 2387 in
195 2350 418 2399 Agesilaum
445 2363 557 2389 suum
584 2349 770 2389 audacter
796 2350 1055 2390 transtulisse.

252 2416 316 2457 Sic
348 2417 430 2456 sine
456 2417 538 2456 ulla
565 2416 810 2457 dubitatione
836 2418 876 2457 111
905 2417 996 2469 Cyri
1021 2417 1267 2457 institutione
1284 2416 1489 2468 prudentis

127 2495 210 2523 esse
245 2485 492 2535 imperatoris
529 2486 700 2534 legerat,
738 2487 905 2536 primum
938 2485 1071 2525 hostes
1107 2486 1243 2524 faUere
1279 2489 1319 2524 et
1345 2484 1385 2523 id
1413 2498 1488 2523 non

126 2563 344 2601 repugnare
372 2552 544 2592 iustitiae
573 2553 618 2604 (I.
648 2556 683 2592 6.
714 2554 807 2606 27.),
848 2553 988 2594 deinde
1014 2554 1156 2593 milites·
1185 2553 1346 2593 ditando
1373 2552 1488 2592 bene-

127 2617 334 2659 volentiam
373 2622 446 2660 sibi
486 2623 694 2662 conciliare
736 2622 857 2672 (VIII.
895 2624 931 2660 2.
971 2623 1167 2673 19—22.)‚
1205 2622 1370 2672 denique
1398 2633 1491 2671 erga
