1641 2866
779 163 830 203 30

245 288 338 338 Cap.
369 287 414 327 V.
453 288 497 325 In
524 288 783 338 temperantia
813 287 984 337 Agesilai
1011 285 1275 336 praedicanda
1301 285 1485 335 compila-

120 360 181 394 tor
225 356 328 393 haud
363 355 478 393 dubie
519 369 654 394 rursus
693 356 742 394 ad
779 368 916 393 manus
953 354 1091 393 habuit
1118 352 1410 401 Memorabilia,
1444 352 1485 391 in

119 423 259 470 quibus
297 422 450 460 Socrati
484 424 662 461 similiter
698 423 806 460 laudi
846 422 1026 467 ducitur,
1068 420 1172 469 quod
1199 420 1285 457 cibo
1313 424 1484 469 potuque

119 489 268 529 modice
304 503 396 529 usus
434 490 484 529 sit
524 494 642 540 atque
683 490 914 530 abstinuerit
956 487 1221 539 voluptatibus
1255 487 1438 526 venereis.
1450 486 1480 538 ¹)

118 559 218 597 Huic
246 558 353 597 laudi
387 559 554 608 scriptor
569 558 859 597 memorabilem
878 558 985 596 illum
1009 556 1247 607 reipublicae
1267 556 1483 594 Laconicae

116 627 243 665 locum
254 627 283 677 ²)
313 626 459 664 adiecit
486 627 644 677 paulum
674 627 842 676 quidem,
871 626 1010 664 sedita
1028 629 1236 671 mutatum,
1265 623 1483 662 utaXeno-

116 694 259 743 phonte
295 695 380 743 ipso
416 693 489 731 hoc
525 694 670 732 sactum
713 707 796 732 esse
835 694 990 731 minime
1024 691 1224 742 probabile
1252 691 1315 728 sit.
1371 688 1483 736 Quod

116 766 220 799 recte
261 761 360 799 vidit
393 762 443 800 M.
479 762 695 810 Hauptius,
738 763 845 799 cuius
884 761 1001 798 verba
1037 760 1165 797 facere
1205 770 1282 795 non
1309 769 1477 806 possum,

115 828 206 876 quin
243 832 417 877 repetam
429 827 478 878 ⁸):
527 828 671 875 „Wenn
700 827 781 865 dies
812 827 918 865 Buch
954 811 1233 864 wirklieh‘von
1268 821 1482 873 Xenophon

115 896 179 940 ist,
208 908 250 933 so
279 896 330 933 ist
358 908 398 932 es
426 897 655 944 wenigstens
677 909 726 933 an
741 896 846 933 einer
863 895 980 933 Stelle
1002 892 1263 943 gedankcnlos
1290 889 1480 940 geschrie·

115 962 200 998 ben.
257 962 314 999 Zu
359 962 513 1011 Anfang
549 962 616 1000 des
644 963 680 1000 5.
706 962 894 1011 Capitels‚
925 973 980 999 wo
1012 959 1224 1011 Agesilaus'
1253 956 1480 1006 Massigkeit

113 1029 165 1067 im
195 1029 318 1068 Essen
346 1031 547 1079 gepriesen
574 1030 680 1076 wird⁷
709 1030 830 1068 heisst
859 1043 898 1068 es
926 1029 1026 1067 nach
1052 1029 1096 1069 L.
1125 1025 1323 1066 Dindorf's
1359 1024 1479 1062 siche—

112 1109 175 1132 rer
195 1095 504 1145 Verbesserung:
525 1095 721 1147 διμοιρίαν
738 1111 771 1134 κ.
786 1110 819 1133 τ.
833 1096 867 1133 λ.
889 1096 1001 1133 Diese
1015 1095 1138 1132 durch
1152 1094 1241 1132 kein
1264 1091 1362 1139 „oft“
1385 1089 1479 1128 oder

119 1163 343 1208 „zuweilew‘
362 1163 588 1213 gemilderte
601 1164 823 1213 Erzahlung
837 1165 888 1202 ist
905 1161 1217 1213 abgeschmackt.
1245 1159 1313 1198 Bei
1326 1156 1477 1197 solcher

114 1230 144 1267 F
147 1230 403 1279 reigebigkeit
429 1235 530 1269 ware
560 1233 621 1269 ein
655 1231 943 1280 spartanischer
969 1231 1095 1278 Konig
1124 1230 1303 1276 Hungers
1330 1229 1475 1274 gestor-

110 1295 196 1336 ben.
252 1294 490 1349 VerStandig
531 1304 617 1348 sagt-
659 1298 729 1338 das
767 1297 873 1337 Buch
907 1310 993 1336 vom
1023 1297 1157 1336 Staate
1185 1294 1254 1334 der
1282 1290 1475 1332 Lacedae-

109 1366 258 1403 monier
285 1379 323 1406 u.
352 1379 382 1405 s.
411 1372 479 1405 w.‘⁴

232 1432 291 1471 Ea
310 1446 475 1483 quoque,
495 1447 595 1484 quae
609 1435 841 1485 interposita
856 1438 946 1474 sunt
961 1434 1035 1487 (ἓξ.
1051 1433 1197 1484 2-3.),
1212 1430 1335 1471 eidem
1349 1428 1474 1467 Xeno-

106 1493 242 1549 phonti
280 1501 412 1540 deberi
452 1503 652 1547 existimo„
690 1503 755 1551 qui
791 1503 831 1540 in
872 1502 1152 1553 Cyropaedia⁴)
1192 1502 1334 1551 Cyrum
1374 1501 1470 1539 facit

109 1567 350 1615 loquentem:
380 1566 455 1617 ἐγώ
481 1568 524 1606 δὲ
551 1564 672 1617 οἶμαι,
702 1567 788 1621 ἔφη,
815 1569 881 1606 τὸν
907 1566 1074 1621 ἄρχοντα
1092 1566 1138 1606 οὐ
1155 1572 1210 1618 τῷ
1229 1568 1472 1620 ῥᾳδιουργεῖν

108 1635 245 1686 χρῆναι
273 1634 472 1688 διαφέρειν
497 1639 574 1675 τῶν
600 1634 833 1689 ἀρχομένων,
861 1633 958 1676 ἀλλὰ
982 1639 1038 1687 τῷ
1064 1640 1242 1690 προνοεῖν
1267 1636 1331 1676 καὶ
1359 1637 1470 1689 φιλο-

107 1706 239 1740 πονεῖν
280 1702 605 1755 προθυμούμενον
658 1711 697 1743 et
733 1705 821 1755 Cyri
873 1710 1026 1755 patrem
1059 1707 1140 1743 ita:
1183 1705 1247 1743 καὶ
1284 1704 1351 1743 ἐπὶ
1395 1707 1470 1742 τῶν

105 1765 287 1820 πράξεων
315 1769 376 1818 δέ,
406 1768 451 1822 ἢν
476 1771 547 1821 μὲν
574 1771 614 1810 ἐν
640 1770 750 1823 θέρει
778 1767 861 1820 ὦσι,
888 1771 956 1809 τὸν
982 1767 1149 1825 ἄρχοντα
1177 1772 1238 1810 δεῖ
1263 1774 1333 1810 τοῦ
1360 1771 1469 1823 ἡλίου

107 1836 408 1876 πλεονεκτοῦντα
440 1838 608 1891 φανερὸν
641 1834 758 1885 εἶναι,
786 1837 830 1890 ἢν
863 1839 907 1877 δὲ
936 1838 976 1877 ἐν
1001 1841 1178 1889 χειμῶνι,
1205 1841 1276 1877 τοῦ
1295 1836 1465 1891 ψύχους,

105 1900 150 1954 ἢν
177 1903 220 1942 δὲ
247 1904 313 1943 διὰ
338 1902 511 1956 μόχθων,
538 1909 613 1944 τῶν
639 1903 776 1946 πόνων.
806 1903 932 1945 πάντα
958 1905 1031 1958 γὰρ
1056 1909 1179 1946 ταῦτα
1195 1922 1228 1946 κ.
1256 1921 1288 1946 τ.
1317 1907 1349 1946 λ.

229 1973 337 2012 Haec
364 1975 398 2011 si
426 1986 513 2012 cum
541 1974 766 2014 laudatione
796 1975 1017 2023 contuleris,
1046 1988 1124 2014 non
1139 1977 1257 2015 nimia
1277 1975 1348 2014 tibi
1363 1975 1466 2014 vide-

105 2039 212 2078 bitur
245 2041 428 2090 audacia,
464 2042 568 2092 quod
595 2044 756 2082 encomii
796 2043 913 2082 verba
946 2043 1213 2094 Xenophontis
1251 2044 1466 2083 imitatione

104 2108 235 2146 efficta
262 2122 347 2147 esse
375 2110 567 2150 contendi.
623 2111 724 2156 Quid
752 2111 917 2161 denique
946 2112 994 2150 de
1023 2112 1197 2161 exemplo
1224 2125 1248 2150 a
1276 2112 1466 2161 scriptore

102 2176 225 2214 allato
269 2176 539 2215 censebimus?
583 2178 643 2216 Ex
680 2178 891 2217 Hellenicis
931 2180 1097 2229 petitum
1139 2192 1224 2218 non
1254 2183 1334 2226 est,
1376 2192 1463 2217 nam

103 2242 316 2293 Xenophon
344 2243 385 2282 id
411 2244 526 2283 modo
555 2246 686 2293 refert,
717 2247 937 2296 Agesilaum
964 2247 1181 2297 Megabatis
1210 2246 1461 2297 pulchritudi-

228 2425 251 2465 1)
271 2423 369 2458 Mem.
392 2425 417 2457 1.
438 2427 469 2459 3.
492 2428 521 2460 6.
544 2428 574 2460 8.
598 2428 646 2460 15.

225 2480 250 2522 2)
272 2482 370 2524 Resp.
392 2481 468 2516 Lac.
490 2484 559 2516 XV.
582 2486 613 2517 4.

222 2537 250 2579 3)
272 2538 470 2573 Schneidew.
492 2541 609 2574 Philol.
633 2542 722 2575 1848.
743 2553 775 2585 p.
798 2543 868 2575 546.

225 2596 250 2635 ⁴)
273 2595 320 2628 cf.
343 2595 458 2638 Cyrop.
480 2598 504 2629 1.
527 2599 557 2631 6.
578 2598 609 2631 8.
632 2603 665 2630 et
688 2599 736 2632 25.
