1641 2866
787 168 835 203 55

131 302 281 330 monem
318 292 358 327 et
386 289 515 327 stilum
545 290 712 329 oratoris
740 303 846 329 more
875 290 1113 340 distinguere
1143 293 1183 328 et
1211 302 1400 328 exornare
1429 290 1494 328 de-

130 359 225 398 buit.
278 357 383 397 Idem
417 356 633 407 Xenophon
667 358 761 397 fecit
801 359 842 397 in
866 358 1109 397 orationibus
1137 359 1227 409 Cyri
1254 358 1493 398 institutioni

131 426 302 473 intextis,
330 425 434 464 idem
460 426 500 463 in
529 425 707 473 Clearchi
734 426 929 474 oratione,
959 438 1057 476 quae
1084 426 1278 476 poeticum
1307 426 1495 477 quodam-

131 494 244 533 modo
271 494 459 543 impetum
488 494 624 543 spirat.
637 493 664 544 ¹)

254 561 327 600 His
359 561 597 612 respondeo,
639 563 744 600 certe
772 560 1066 611 Xenophontem
1094 561 1268 612 potuisse
1295 561 1493 601 interdum

132 631 300 668 animum
327 629 386 667 ita
412 629 626 676 intendere,
654 632 698 667 ut
726 628 777 667 ad
804 628 1067 667 sublimiorem
1094 632 1318 680 assurgeret
1345 630 1494 669 oratio·

131 710 234 744 nem,
270 695 338 735 sed
371 696 444 735 hoc
483 708 643 746 perraro
677 696 863 735 accidisse
892 700 932 735 et
958 697 999 734 in
1028 697 1251 736 universum
1278 697 1494 736 orationem

132 765 213 804 eius
248 763 361 804 valde
396 764 569 814 quietam
605 763 826 815 procedere.
881 763 1024 811 Quodsi
1060 764 1179 804 semel
1206 764 1326 804 altius
1355 765 1493 815 surgit,

131 832 264 870 statim
291 831 342 870 ad
368 832 536 870 ieiunam
565 831 773 870 dictionem
799 831 957 872 recedit.
1013 833 1095 870 Hoc-
1127 845 1205 871 non
1231 831 1317 871 fieri
1344 832 1385 870 in
1411 832 1491 871 lau·

131 900 306 948 datione,
346 899 414 939 sed
452 912 538 939 eam
565 900 679 939 nimis
706 899 939 950 completam
967 912 1049 939 esse
1077 899 1281 940 rhetoricis
1317 899 1494 939 artificiis

133 973 250 1017 atque
288 967 544 1014 calamistris,
586 968 705 1007 nimia
743 967 1003 1006 membrorum
1040 968 1302 1006 concinnitate
1318 998 1327 1015 ,
1374 967 1493 1007 nimio

131 1036 409 1074 sententiarum
444 1036 620 1074 acumine
657 1036 782 1085 quivis
816 1036 875 1075 vel
908 1036 1159 1075 mediocriter
1187 1047 1325 1085 graece
1353 1034 1493 1074 doctus

131 1103 284 1143 sentiet.

254 1172 415 1210 Praeter
464 1171 565 1210 hano
609 1172 827 1221 quaesitam
866 1171 1116 1222 periodorum
1149 1171 1496 1211 conformationem

131 1252 207 1278 non
251 1252 377 1289 pauca
421 1239 573 1287 inveni,
614 1251 714 1289 quae
747 1251 835 1277 cum
873 1239 1019 1278 usitato
1047 1238 1314 1288 Xenophontis
1341 1237 1496 1277 dicendi

134 1320 272 1357 genere
301 1320 377 1346 non
405 1307 646 1348 conveniant.
683 1306 782 1346 Nolo
812 1306 990 1357 equidem
1014 1320 1165 1356 urgere,
1195 1305 1301 1356 quod
1319 1305 1495 1346 laudatio

131 1375 275 1414 referta
306 1380 364 1413 est
393 1374 609 1421 vocabulis,
637 1374 778 1424 quibus
804 1374 1020 1425 Xeuophon
1048 1386 1140 1413 usus
1166 1387 1244 1413 non
1271 1377 1342 1414 est.
1395 1373 1497 1412 Nam

129 1442 267 1483 horum
295 1443 482 1494 pleraque
510 1443 685 1493 legitima
708 1443 861 1482 ratione
888 1443 949 1482 vel
977 1444 1193 1494 composita
1207 1446 1298 1482 sunt
1317 1442 1377 1482 vel
1393 1441 1495 1481 deri·

130 1515 239 1559 vata,
276 1512 400 1551 multa
439 1515 530 1549 sunt
553 1511 724 1561 poetica,
764 1510 906 1560 quibus
933 1511 1230 1566 Xenophontem
1257 1510 1497 1549 delectatum

132 1592 212 1618 esse
242 1584 383 1619 ,notum
421 1582 504 1627 est,
551 1579 629 1618 alia
667 1592 729 1618 res
756 1578 979 1629 significant
1006 1578 1055 1619 ab
1084 1592 1128 1618 eo
1157 1592 1233 1618 non
1262 1578 1495 1625 nominatas,

131 1647 200 1684 sed
227 1659 337 1684 suam
365 1659 541 1695 quaeque
569 1647 734 1684 materia
753 1648 904 1696 copiam
923 1647 1130 1684 verborum
1147 1647 1324 1695 requirit.
1360 1646 1494 1694 Neque

129 1712 227 1752 illud
259 1716 412 1752 tantum
457 1713 582 1752 valere
617 1716 730 1764 puto,
770 1717 957 1763 quantum
995 1713 1226 1764 quibusdam
1268 1713 1393 1752 visum
1421 1715 1494 1760 est,

132 1781 233 1830 quod
262 1785 343 1819 tam
370 1782 516 1819 multae
546 1782 835 1820 enunciationes
862 1782 912 1820 ab
939 1781 1077 1820 iisdem
1104 1782 1309 1831 particulis
1337 1781 1497 1820 ordiun-

130 1854 206 1889 tur.
262 1849 531 1899 Quadraginta
571 1850 672 1888 enim
710 1852 898 1900 quattuor
934 1850 1226 1889 enunciationes
1253 1849 1446 1900 incipiunt
1472 1862 1497 1888 a

131 1917 317 1957 vocabulo
344 1918 420 1965 καὶ,
449 1919 613 1968 triginta
641 1931 708 1956 sex
735 1932 759 1956 a
785 1918 991 1969 particulis
1018 1917 1060 1968 γὲ
1079 1914 1165 1969 μήν,
1194 1917 1244 1956 ab
1270 1915 1359 1956 ἐπεί
1377 1917 1497 1957 unde-

131 1987 279 2042 viginti,
306 1986 438 2035 μέντοι
466 1990 657 2036 usurpata
685 1990 746 2025 est
774 1987 978 2036 quinquies
1005 1986 1145 2025 decies.

253 2054 361 2093 Haec
391 2067 625 2104 quamquam
653 2055 693 2093 in
716 2053 848 2093 libello
876 2058 957 2093 tam
987 2054 1114 2104 exigui
1142 2053 1311 2093 ambitus
1330 2052 1496 2093 fortasse

133 2121 234 2161 iusto
262 2122 503 2172 frequentius
531 2123 792 2171 reperiuntur,
821 2122 1081 2171 reputandum
1109 2126 1241 2161 tamen
1268 2124 1346 2169 est,
1374 2133 1497 2170 quan·

130 2193 265 2241 topere
301 2190 388 2241 ipsa
424 2190 662 2230 laudationis
698 2194 841 2230 natura
867 2190 919 2230 ad
946 2190 1135 2230 eiusmodi
1164 2189 1414 2229 transitiones
1440 2189 1498 2227 in·

130 2258 322 2299 vitaverit.
377 2260 587 2299 Praeterea
614 2259 830 2311 Xenophon
848 2259 964 2299 hasce
981 2259 1196 2311 particulas
1215 2258 1312 2298 adeo
1337 2257 1496 2304 amavit,

131 2329 177 2364 ut
202 2327 398 2366 interdum
428 2327 532 2377 apud
562 2340 649 2366 eum
676 2340 836 2378 prorsus
866 2328 1122 2370 cumulentur.
1136 2328 1167 2378 ⁹)

259 2500 268 2520 1
304 2496 352 2528 cf.
377 2497 480 2529 Anah.
503 2498 532 2528 Π
567 2499 595 2528 5.

254 2497 281 2595 ’ἐξ
304 2554 352 2588 Cf.
375 2555 410 2588 Β.
424 2554 696 2587 Buchsenschntz.
719 2554 752 2588 in
769 2554 967 2588 Schneidew.
991 2554 1105 2587 Philol.
1128 2554 1178 2587 23.
1199 2564 1231 2595 p.
1254 2552 1325 2585 652.
1346 2551 1498 2584 Heiland.

131 2616 245 2652 quaest
266 2612 305 2644 de
328 2612 404 2645 dial,
425 2612 574 2653 Xenoph
596 2623 626 2653 p.
648 2612 675 2644 8.
