1641 2866
770 126 821 164 40

117 248 274 289 sublata
301 252 370 289 est.
411 249 490 289 Sed
515 248 613 288 haec
635 249 823 291 vilissima
850 252 889 287 et
914 248 1010 287 viris
1036 260 1125 287 vere
1153 247 1279 287 doctis
1297 247 1484 299 indignis-

116 318 215 356 sima
245 316 532 367 interpretandi
559 317 681 366 ratio,
721 316 898 367 quamvis
925 315 1156 366 quibusdam
1183 315 1354 366 placeat,
1388 304 1483 355 mihi

115 383 316 435 nunquam
348 383 591 434 probabitur.
646 385 862 424 Plurimum
896 383 1000 423 enim
1035 384 1223 422 interesse
1258 383 1361 423 inter
1387 384 1484 423 m'hil

116 456 156 492 et
182 464 260 492 non
287 464 405 503 saepe
431 452 653 503 peccavisse
680 465 792 493 nemo
820 466 897 492 non
924 451 1041 491 videt.
1078 450 1126 493 Id
1151 464 1242 490 vero
1262 464 1308 490 ex
1326 451 1483 491 illorum

115 520 244 559 verbis
272 520 462 570 collegere
490 520 596 568 licet,
625 533 691 560 eos
717 532 998 571 nonnunquam
1012 519 1237 569 Agesilaum
1263 519 1484 569 peccavisse

115 587 330 627 arbitratos
371 600 454 627 esse
500 588 634 638 itaque
683 588 801 627 etiam
837 587 947 627 inviti
981 585 1228 626 Valckenarii
1264 586 1483 638 opinionem

115 655 298 707 probant.

240 723 349 762 Idem
382 723 477 762 facit
503 723 753 772 Heilandius,
794 723 904 763 cuius
931 722 1049 762 verba
1076 725 1166 762 sunt
1191 722 1306 761 haec:
1355 721 1484 770 „Quae

115 792 316 841 leguntur,
354 792 505 840 inquit,
543 791 585 829 in
617 803 701 841 cap.
729 791 775 831 X.
804 793 837 842 ξ.
871 794 927 839 4.,
965 790 1118 829 videtur
1143 789 1358 839 Xenophon
1385 801 1486 828 nova

116 870 211 897 cura
245 860 511 908 pertractasse
546 861 586 897 et
623 870 724 908 quae
761 858 845 898 visa
871 862 931 897 est
955 858 996 897 in
1022 857 1091 897 illo
1118 857 1204 897 loco
1230 856 1358 896 inesse
1386 855 1485 896 diffi-

116 925 255 974 cultas,
282 926 340 965 ita
360 926 506 976 optime
527 926 692 975 tollitur,
711 930 757 965 ut
775 929 1005 975 statuamus,
1027 924 1324 975 Xenophontem
1343 937 1485 964 novum

115 994 240 1034 totius
269 994 435 1034 encomii
452 993 568 1034 finem
588 993 811 1041 confecisse,
842 996 1111 1034 conservatum
1129 992 1242 1034 nobis
1257 993 1299 1033 in
1313 1004 1397 1044 cap.
1417 991 1484 1034 XI.

117 1064 172 1114 §§.
216 1066 274 1103 14.
317 1066 375 1102 15.
419 1065 502 1103 16.“
569 1063 654 1102 Hoc
694 1062 893 1102 Heilandii
933 1062 1118 1101 iudicium
1164 1061 1485 1101 Breitenbachius

116 1129 355 1180 repudiavit,
392 1142 631 1180 quamquam
667 1129 795 1169 minus
830 1132 937 1168 recte
969 1133 1090 1181 caput
1115 1128 1364 1168 undecimum
1392 1131 1484 1168 ante

115 1198 426 1249 componendum
472 1199 688 1238 encomium
727 1198 988 1248 conscriptum
1029 1211 1115 1238 esse
1160 1212 1185 1238 a
1229 1197 1485 1248 Xenophonte

116 1266 288 1316 Sauppio
317 1267 561 1305 consentiens
589 1265 801 1304 contendit.
858 1265 935 1304 Sed
962 1265 1151 1315 quidquid
1179 1265 1227 1304 de
1254 1265 1328 1304 hoc
1356 1257 1484 1315 capite

113 1332 367 1373 iudicandum
401 1337 484 1384 est,
522 1334 692 1385 scriptor
719 1334 753 1373 si
781 1334 909 1373 locum
935 1333 1140 1373 emendare
1167 1333 1371 1381 voluisset,
1400 1333 1482 1372 sine

115 1401 199 1441 ulla
225 1400 468 1441 dubitatione
495 1401 655 1441 verbum
683 1401 800 1450 illud,
829 1413 906 1452 quo
934 1400 1184 1450 offendimur,
1214 1400 1481 1440 additamento

115 1468 247 1520 aliquo
285 1469 544 1520 mitigavisset
580 1472 650 1510 aut
676 1470 755 1510 alio
784 1469 1101 1510 commutavisset
1127 1469 1327 1510 vocabulo.
1382 1469 1483 1508 Eum

112 1549 204 1576 vero
222 1537 349 1576 tribus
368 1539 457 1576 novi
474 1538 617 1587 capitis
629 1537 887 1588 paragraphis
902 1540 1076 1576 erratum
1092 1537 1286 1587 corrigere
1300 1536 1482 1575 maluisse

116 1603 253 1643 credat
277 1604 446 1644 Iudaeus
475 1605 624 1655 Apella.

237 1671 401 1710 Prorsus
436 1672 553 1711 aliam
589 1685 715 1722 neque
753 1676 885 1712 tamen
916 1671 1221 1723 probabiliorem
1248 1672 1482 1711 sententiam

110 1740 153 1779 in
179 1739 350 1780 medium
376 1740 543 1792 protulit
570 1739 903 1781 Breitenbachius.
915 1742 944 1793 ¹)
1006 1741 1114 1790 „Non
1142 1740 1392 1792 simpliciter,
1425 1741 1482 1780 in-

113 1808 210 1858 quit,
238 1804 507 1860 ἆναμάρτητος
534 1811 594 1847 est
612 1809 694 1847 sine
717 1809 823 1857 vitio,
852 1809 951 1848 ohne
970 1808 1078 1857 Fehl,
1107 1808 1261 1858 qualem
1279 1808 1364 1847 fieri
1381 1820 1482 1847 mor·

111 1875 232 1915 talem
267 1875 462 1916 hominem
504 1875 661 1916 omnino
689 1888 887 1927 nunquam
914 1889 1029 1927 posse
1058 1876 1198 1917 Graeci
1226 1889 1351 1927 aeque
1378 1874 1499 1925 arbi-‚

110 1944 320 1983 trahantur
357 1957 403 1983 ac
442 1957 514 1984 nos
557 1944 793 1993 Christiani;
845 1945 1040 1995 significat
1078 1946 1209 1996 potius
1250 1957 1339 1984 eum
1355 1975 1364 1993 ‚
1414 1945 1482 1995 qui

110 2011 208 2052 nihil
241 2024 318 2052 non
353 2015 476 2061 recte,
518 2012 586 2064 qui
618 2012 715 2053 nihil
751 2013 895 2053 iniuste
922 2013 1069 2054 fecerit.
1124 2013 1211 2054 Hoc
1238 2026 1354 2053 sensu
1380 2012 1481 2053 acci-

109 2080 254 2131 pienda
288 2084 379 2119 sunt
411 2080 549 2128 verba,
588 2093 689 2131 quae
721 2081 908 2131 leguntur
941 2082 982 2120 in
1008 2081 1233 2121 Hellenicis.
1250 2080 1282 2132 ²)
1336 2080 1480 2121 Nostro

110 2147 233 2199 igitur
259 2147 345 2188 loco
373 2143 644 2202 ἀναμάρτητος
670 2152 746 2189 est:
776 2150 845 2201 qui
871 2149 968 2190 nihil
995 2150 1140 2191 iniuste
1167 2149 1261 2190 fecit
1288 2162 1414 2201 neque
1439 2148 1480 2188 in

110 2229 192 2263 eos,
231 2215 374 2266 quibus
412 2216 632 2266 imperabat
670 2230 796 2267 neque
838 2218 880 2257 in
914 2218 1027 2267 illos,
1069 2217 1301 2269 quibuscum
1334 2217 1480 2265 bellum

106 2281 314 2323 habebat.“
373 2283 446 2322 His
482 2296 555 2334 pro
589 2287 695 2324 certo
735 2284 939 2325 affirmatis
973 2285 1177 2337 Agesilaus
1204 2284 1255 2325 ab
1291 2285 1395 2326 omni
1421 2286 1480 2325 in-

106 2350 260 2390 iustitia
298 2350 529 2402 simpliciter
561 2351 788 2393 absolvitur.
854 2352 967 2401 Quod
999 2365 1093 2393 num
1117 2356 1227 2393 recte
1253 2352 1342 2402 fiat,
1366 2352 1480 2393 valde

233 2514 256 2554 ¹)
278 2513 328 2547 Cf.
351 2514 488 2546 Excurs.
511 2513 553 2547 ad
576 2514 619 2548 X.
640 2515 670 2547 4.
692 2524 726 2557 p.
748 2514 819 2549 100.

228 2571 257 2612 ²)
277 2569 327 2604 cf.
348 2570 438 2605 fleu.
459 2570 517 2606 vl.
538 2572 570 2605 3.
594 2571 643 2605 10.
