1641 2866
639 772 889 823 Particula
923 772 965 822 Ι.

451 901 637 946 Veterum
663 900 893 952 scriptorum
919 899 1155 940 testimonia.

243 1031 461 1082 Antequam
489 1029 539 1070 ad
566 1030 692 1081 ipsum
727 1029 944 1069 encomium
971 1028 1257 1080 aggrediamur,
1285 1026 1397 1067 nobis
1423 1027 1482 1065 in-

119 1100 354 1149 quirendum
397 1105 469 1149 est,
515 1100 658 1151 quibus
684 1103 859 1139 veterum
893 1101 1126 1151 scriptorum
1156 1099 1387 1138 testimoniis
1413 1111 1482 1136 no-

119 1171 243 1207 strum
271 1167 319 1207 de
344 1167 418 1207 hoc
444 1167 578 1208 libello
603 1168 790 1207 iudicium
825 1168 985 1208 nitatur.
1042 1168 1214 1215 Quorum
1242 1166 1291 1206 de
1318 1178 1480 1205 numero

117 1235 232 1276 homo
259 1236 395 1276 doctus
413 1235 715 1288 Beckhausius‘)
742 1236 840 1275 haec
865 1235 1005 1275 habet:
1039 1236 1100 1283 ‚Si
1129 1239 1314 1282 veterum,
1341 1234 1479 1283 inquit,

117 1304 428 1343 testimoniorum
474 1303 587 1354 copia
622 1302 807 1342 librorum
843 1303 1118 1343 auctoritatem
1146 1302 1362 1353 ponderare
1389 1301 1480 1339 veli-

117 1383 223 1418 mus,
266 1371 371 1410 haud
412 1371 491 1410 scio
535 1383 587 1410 an
613 1370 763 1410 nullum
803 1370 1028 1422 opusculum
1058 1369 1307 1421 Xenophonti
1334 1369 1481 1408 maiore

117 1441 201 1478 iure
230 1439 282 1478 sit
308 1438 592 1479 tribuendum.“
650 1438 703 1477 Et
729 1438 904 1489 profecto
932 1439 965 1477 si
992 1440 1079 1488 quis
1108 1441 1205 1489 quot
1231 1437 1481 1487 antiquitatis

118 1506 343 1546 testimonia
388 1506 710 1555 Baumgartenius
751 1506 965 1556 collegerit,
1003 1505 1233 1545 Heilandius
1276 1505 1316 1543 in
1344 1516 1482 1544 conve-

119 1575 290 1614 nientem
330 1574 525 1624 redegerit
568 1573 744 1614 ordinem
789 1575 1015 1625 comperiat,
1052 1588 1203 1614 omnem
1231 1574 1280 1613 de
1308 1573 1482 1623 Agesilai

120 1642 267 1692 origine
294 1641 516 1691 scrupulum
544 1641 605 1680 vel
638 1642 911 1681 morosissimis
938 1642 1084 1680 criticis
1103 1642 1201 1693 eripi
1216 1653 1370 1680 necesse
1397 1653 1481 1680 esse

118 1713 242 1759 putet.
298 1709 373 1749 Sed
413 1722 494 1748 rem
539 1723 616 1749 non
655 1710 713 1749 ita
739 1722 780 1749 se
807 1709 950 1749 habere
989 1710 1101 1748 facile
1130 1709 1240 1748 nobis
1271 1709 1482 1759 persuade-

117 1776 256 1816 bimus.
513 1819 524 1831 ι

198 1845 253 1884 Ut
280 1857 369 1884 vero
397 1845 509 1894 quasi
535 1844 586 1884 ab
613 1858 684 1885 ovo
708 1845 918 1893 ordiamur,
947 1845 1243 1895 Xenophontem
1271 1846 1399 1895 ipsum
1425 1845 1483 1883 in-

118 1913 243 1952 dicem
282 1912 516 1962 scriptorum
544 1925 701 1952 suorum
727 1926 805 1951 non
838 1913 1117 1963 composuisse,
1146 1913 1262 1951 immo
1292 1906 1338 1950 ne
1366 1912 1480 1950 unius

120 1980 275 2031 quidem
319 1978 409 2019 libri
446 1982 652 2024 ,auctorem
698 1993 739 2020 se
784 1993 867 2020 esse
894 1979 1111 2031 professum
1139 1980 1381 2019 notissimum
1410 1984 1481 2020 est.

123 2052 173 2087 At
211 2043 453 2099 ‘quantopere
500 2048 627 2087 celare
673 2048 879 2096 studuerit,
923 2061 963 2087 se
1005 2048 1225 2087 Anabaseos
1251 2048 1483 2098 scriptorem

121 2129 216 2166 esse,
251 2129 338 2157 cum
377 2129 425 2156 ex
451 2120 536 2157 tota
562 2116 668 2156 illius
694 2115 785 2156 libri
822 2117 973 2156 ratione
1001 2116 1253 2165 intellegitur,
1281 2120 1366 2156 tum
1392 2115 1482 2156 inde

121 2184 228 2234 quod
254 2185 296 2224 in
324 2184 651 2236 Hellenicis‘(III.
681 2187 715 2222 1.
745 2186 798 2234 2.)
836 2184 927 2234 Cyri
954 2184 1239 2234 expeditionem
1266 2184 1483 2223 Themisto-

121 2252 209 2302 geni
235 2251 389 2292 cuidam
434 2250 662 2303 adscripsit,
709 2264 822 2302 quem
872 2254 1044 2290 veterum
1088 2253 1324 2303 scriptorum
1357 2264 1481 2299 nemo,

121 2321 226 2370 quod
256 2321 388 2368 sciam,
416 2320 536 2358 talem
563 2319 707 2358 librum
740 2320 1004 2370 composuisse
1032 2319 1209 2359 tradidit.
1266 2320 1353 2359 Non
1381 2320 1483 2358 enim

120 2386 344 2438 Xenophon.
384 2401 461 2437 qua
503 2390 590 2427 erat
631 2386 834 2434 modestia,
880 2388 1082 2438 scriptoris
1116 2387 1268 2427 laudem
1299 2387 1482 2438 captavit,

121 2456 186 2492 sed
217 2468 343 2493 rerum
395 2456 545 2494 utilium
584 2457 748 2494 scientia
781 2457 1014 2505 virtutisque¹
1042 2469 1172 2494 amor·-
1201 2458 1383 2504 aequa-les
1414 2456 1484 2493 im-

210 2602 233 2642 1)
255 2602 305 2634 Cf.
328 2601 370 2635 de
390 2602 540 2644 Xenoph.
563 2602 618 2644 qui
647 2602 748 2636 fertur
770 2603 893 2645 Agesil.
920 2614 953 2645 p.
977 2604 1008 2637 1.
1027 2602 1132 2636 Huius
1154 2602 1390 2635 dissertationis
1411 2611 1484 2634 cen—

122 2667 227 2692 sui-am
253 2660 321 2701 egit
335 2660 376 2692 B.
402 2660 718 2695 Biiclisenschmzius
740 2661 772 2695 in
795 2660 993 2694 Schneidew.
1017 2660 1134 2694 Philol.
1156 2661 1204 2693 ⁶23.
1228 2672 1250 2705 p
1281 2660 1351 2692 651.
1376 2669 1422 2701 sq.
