1641 2866
777 162 824 200 17

119 282 224 332 quod
251 283 353 323 inest
380 284 498 324 etiam
534 285 576 323 in
604 284 764 324 Memor.
793 283 864 324 111.
893 285 928 323 5.
960 282 1020 329 14,
1049 281 1115 320 ubi
1142 281 1191 320 de
1219 279 1478 320 Lacedaemo-

116 350 191 390 niis
211 362 336 392 sermo
357 356 429 401 est,
458 365 546 392 eum
564 352 718 403 singula
734 350 941 403 perpaucis
965 350 1128 389 mutatis
1141 349 1318 389 hausisse
1336 347 1477 387 iudico.

240 418 342 458 Nam
368 419 416 459 de
442 419 644 471 republica
671 419 806 459 eadem
833 419 882 468 (ξ.
896 417 952 469 4.)
979 417 1208 465 afferuntur,
1235 428 1337 466 quae
1350 415 1480 454 Xeno-

115 486 220 537 phon
254 488 412 538 scripsit
443 488 484 526 in
517 488 614 538 Rep.
648 487 741 526 Lac.
777 499 861 537 cap,
889 485 971 524 XV.
1000 487 1056 537 ἐξ.
1086 484 1206 524 7-8;
1246 482 1268 522 ὁ
1296 482 1339 522 δὲ
1366 478 1479 535 ὅρκος

116 551 200 593 ἐστὶ
229 557 284 605 τῷ
318 555 389 605 μὲν
419 554 573 605 βασιλεῖ
603 553 701 594 κατὰ
726 553 819 601 τούς
843 555 913 606 τῆς
939 550 1092 598 πόλεως
1117 551 1313 604 κειμένους
1338 547 1480 600 νόμους

114 619 370 671 βασιλεύσειν,
397 626 445 675 τῇ
472 622 515 662 δὲ
540 620 657 662 πόλει
683 622 1013 675 ἐμπεδορκοῦντος
1040 619 1185 660 ἐκείνου
1205 617 1480 672 ἀστυφέλικτον

116 689 184 742 τὴν
219 689 418 740 βασιλείαν
449 689 644 743 παρέξειν.
679 685 797 729 αὗται
830 688 902 739 μὲν
938 684 1006 727 οὖν
1032 687 1075 727 αἱ
1100 687 1213 737 τιμαὶ
1240 688 1338 725 οἴκοι
1367 684 1480 733 ζῶντι

114 758 268 808 βασιλεῖ
298 757 490 808 δέδονται,
518 756 629 798 οὐδέν
654 773 694 797 τι
718 757 820 797 πολύ
849 756 1139 811 ὐπερφέρουσαι
1164 759 1240 794 τῶν
1268 753 1479 794 ἰδιωτικῶν·

117 821 163 863 οὐ
204 824 278 878 γὰρ
321 822 515 878 ἐβουλήθη
559 821 650 864 οὔτε
686 828 771 872 τοῖς
809 825 1012 876 βασιλεῦσι
1051 822 1270 877 τυραννικὸν
1301 818 1482 875 φρόνημα

118 896 367 945 παραστῆσαι
394 889 484 932 οὔτε
509 896 593 940 τοῖς
605 893 786 939 πολίταις
799 890 949 946 φθόνον
961 891 1174 942 ἐμποιῆσαι
1186 894 1257 943 τῆς
1271 887 1480 939 δυνάμεως.

122 959 245 999 Porro
272 961 484 1013 sententia,
522 974 601 1011 qua
626 960 763 1000 laudes
789 961 1067 1007 terminantur,
1097 959 1295 998 simillima
1322 960 1382 996 est
1407 955 1480 1003 illi,

119 1040 235 1078 quam
268 1027 483 1079 Xenophon
515 1028 687 1069 eiusdem
719 1029 861 1080 capitis
887 1029 1000 1068 initio
1027 1028 1087 1067 his
1115 1027 1300 1077 exprimit
1326 1023 1479 1064 verbis:

115 1091 214 1148 μόνη
238 1094 313 1149 γὰρ
340 1095 389 1147 δὴ
415 1093 512 1149 αὕτη
539 1093 638 1150 ἀρχὴ
665 1096 836 1136 διατελεῖ
861 1094 1002 1149 οἵαπερ
1029 1094 1074 1144 ἐξ
1100 1092 1221 1148 ἀρχῆς
1246 1089 1482 1144 κατεστάθη·

114 1161 185 1209 τὰς
212 1162 256 1202 δὲ
282 1159 408 1210 α”λλας
433 1164 632 1211 πολιτείας
657 1180 690 1204 κ.
717 1179 751 1203 τ.
779 1165 812 1203 λ.

242 1231 315 1270 His
348 1232 407 1270 ita
435 1233 662 1282 conquisitis
689 1233 850 1271 tertium
877 1231 1061 1285 laudator
1089 1231 1173 1270 adit
1199 1231 1348 1270 fontem
1375 1240 1481 1268 eum-

56 1345 59 1347 ,
116 1311 192 1347 que
224 1299 592 1348 locupletissimum,
630 1300 820 1339 Graecam
854 1299 942 1338 dico
969 1298 1237 1349 Xenophontis
1263 1297 1481 1343 historiam,

117 1378 165 1404 ex
189 1377 267 1415 qua
293 1365 374 1405 fere
401 1367 544 1414 omnia,
572 1379 672 1417 quae
699 1367 747 1406 de
775 1366 947 1417 Agesilai
975 1366 1090 1405 factis
1117 1369 1344 1412 narrantur,
1371 1376 1482 1414 repe-

116 1433 193 1472 tita
220 1436 322 1472 sunt.
378 1433 455 1473 Sed
482 1437 692 1484 antequam
719 1434 937 1483 videamus,
965 1447 1044 1484 qua
1070 1434 1222 1473 ratione
1250 1432 1483 1483 compilator

116 1500 192 1539 hoc
219 1502 384 1551 opus-in
410 1515 522 1540 suum
549 1515 661 1541 usum
689 1503 943 1550 converterit,
971 1502 1051 1541 alia
1076 1501 1188 1541 nobis
1214 1500 1395 1540 facienda
1422 1504 1483 1539 est

114 1568 304 1617 quaestio,
333 1581 433 1618 quae
460 1581 537 1608 non
563 1570 673 1620 parvi
700 1573 759 1609 est
786 1569 1034 1609 discriminis.
1096 1569 1195 1609 Sunt
1222 1569 1345 1617 enim,
1374 1566 1482 1606 velut

116 1634 310 1674 Weiskius
320 1635 363 1687 ¹),
393 1635 639 1676 Christianus
647 1637 691 1688 ⁹),
720 1637 962 1690 Spillerus‘),
990 1638 1058 1687 qui
1084 1636 1170 1675 fieri
1201 1648 1278 1674 non
1307 1635 1481 1686 potuisse

115 1702 373 1751 contendant,
413 1706 458 1742 ut
499 1716 546 1742 ex
580 1704 745 1744 historia
773 1705 924 1745 Graeca
947 1704 1161 1755 quidquam
1188 1704 1231 1742 in
1260 1702 1483 1753 Agesilaum

114 1771 415 1821 transscriptum
442 1772 504 1813 sit.
542 1772 655 1812 Hunc
682 1774 785 1812 enim
812 1774 942 1824 prius,
989 1786 1107 1823 quam
1139 1772 1265 1820 illam,
1294 1771 1485 1821 composi-

117 1840 201 1876 tum
239 1838 372 1889 itaque
417 1852 549 1879 rerum
591 1841 821 1892 scriptorem
865 1840 1165 1892 vituperandum
1203 1853 1288 1879 esse
1328 1842 1482 1889 putant,
1509 1863 1512 1865 -

117 1918 194 1945 non
230 1906 486 1948 laudatorem.
541 1908 647 1948 Malo
688 1922 790 1948 nunc
827 1921 913 1948 eam
950 1910 1174 1960 opinionem
1207 1909 1345 1959 paucis
1380 1905 1483 1945 refu-

115 1978 218 2021 tare,
258 1986 376 2023 quam
416 1976 544 2026 ipsum
583 1976 861 2027 disputationis
902 1989 1013 2017 meae
1055 1989 1211 2016 cursum
1249 1988 1327 2015 non
1364 1976 1484 2015 inter-

115 2053 306 2092 rumpere.

242 2109 343 2149 Sane
379 2111 441 2150 his
478 2112 570 2150 viris
605 2112 731 2151 doctis
758 2112 1047 2152 concedendum
1074 2117 1144 2161 est,
1173 2112 1481 2163 Xenophontem,

118 2177 149 2215 si
188 2176 453 2218 laudationem
492 2191 628 2219 revera
668 2179 907 2231 scripsisset,
952 2193 1038 2220 eam
1085 2181 1323 2232 scripturum
1363 2179 1481 2219 fuisse

117 2245 250 2284 statim
277 2249 366 2295 post
385 2247 559 2296 Agesilai
581 2251 758 2297 mortem,
786 2261 863 2298 quo
882 2252 1057 2299 tempore
1076 2249 1112 2288 ei
1130 2250 1228 2289 satis
1248 2248 1483 2300 suppetebat

118 2312 189 2351 otii
218 2311 270 2351 ad
297 2312 440 2352 librum
467 2314 649 2364 exiguum
674 2315 732 2354 ita
758 2315 1054 2365 perficiendum,
1088 2319 1133 2354 ut
1159 2328 1237 2355 non
1265 2320 1385 2364 esset,
1414 2329 1483 2355 cur

119 2380 322 2429 divulgare
350 2393 437 2419 eum
464 2381 674 2421 dubitaret.
712 2382 811 2422 Nam
840 2387 880 2422 et
905 2384 1026 2433 ipsius
1054 2387 1095 2422 et
1122 2384 1292 2423 omnium
1313 2384 1483 2433 Agesilai

245 2485 268 2526 1)
291 2484 340 2518 cf,
362 2485 512 2527 Xenoph.
536 2486 646 2528 script.
668 2486 731 2518 vol.
753 2486 812 2520 ΠΙ.
832 2497 865 2529 p.
887 2487 961 2536 411.
982 2496 1016 2520 n.
1036 2487 1066 2519 7.

242 2542 270 2582 2)
292 2541 343 2575 cf.
364 2542 507 2576 Prooem.
529 2541 572 2576 ad
594 2552 687 2576 conv·
708 2552 808 2586 germ.
830 2554 862 2586 p.
887 2544 977 2579 1201.

243 2600 271 2641 ³)
293 2599 524 2640 Quaestionum
546 2601 587 2634 de
607 2601 759 2644 Xenoph.
782 2601 858 2635 hist.
883 2611 989 2643 graec.
1013 2603 1176 2644 specimen
1197 2613 1229 2644 p.
1252 2603 1304 2635 48.

1161 2657 1183 2692 2
