1641 2866
794 164 842 202 63

142 295 219 322 non
270 297 386 332 auca;
415 297 515 335 quae
554 301 683 328 rerum
710 287 895 337 scriptori
931 289 1136 329 manifesto
1164 292 1400 339 repugnant3
1445 288 1494 326 ad

141 352 232 402 post
266 364 371 392 mum
398 367 523 406 neque
549 357 671 397 libelli
699 359 927 411 compositio
954 369 1079 407 neque
1098 355 1251 395 dicendi
1271 368 1392 406 genus
1407 369 1492 394 cum

143 418 226 457 Xen
271 421 402 461 hontis
437 424 592 474 ingenio
625 430 666 465 et
691 428 879 467 orationis
907 424 1206 465 conformandae.
1232 423 1377 463 rationi
1404 435 1495 461 con-

142 487 228 526 veni
305 489 412 537 Quae
446 505 565 542 quum
599 494 656 533 ita
692 496 792 544 sint,
824 493 1071 533 Valckenarii
1107 493 1338 530 sententiam
1372 490 1494 540 sequi,

142 568 220 605 qua
278 556 436 597 dubiam
463 565 636 601 veterum
663 563 936 602 auctoritatem
963 562 1003 599 in
1029 560 1104 599 hac
1131 573 1173 598 re
1200 559 1316 600 malo.

234 653 236 656 ψ
259 624 335 664 Sed
359 626 438 665 iam
465 628 599 668 audire
626 630 721 669 mihi
747 629 880 669 videor
906 627 1096 679 quosdam
1123 627 1351 666 clamantes:
1400 625 1495 672 Quis

143 691 237 730 tand
254 705 293 732 m
320 693 405 743 fuit,
434 697 502 746 qui
529 698 778 748 antiquitatis
807 698 1017 748 scriptores
1039 707 1248 745 omnesque
1267 693 1497 733 recentioris

143 764 231 799 aeta
258 773 275 799 s
316 761 485 801 editores
513 764 778 814 Xenophontis
805 765 844 803 in
872 776 1041 802 errorem
1069 762 1295 800 induxerit?
1344 761 1416 799 His
1441 761 1498 799 ita

143 839 220 877 qua
259 828 413 868 entibus
440 829 578 879 habeo,
603 831 696 881 quid
723 831 990 881 respondeam.
1045 829 1223 879 Scriptus
1253 832 1314 867 est
1340 827 1497 866 libellus

142 893 191 933 ab
228 875 285 949 ᾧ,
326 897 393 945 qui
419 896 714 948 Xenophontem
756 899 889 937 sedulo
918 901 959 936 et
986 897 1193 946 diligenter
1220 896 1398 934 imitatus
1427 899 1498 933 est.

143 952 262 1024 Alitei-
300 963 402 1001 enim
428 962 512 1003 fieri
539 978 615 1004 non
642 966 789 1015 potuit,
826 969 871 1003 ut
898 968 958 1003 tot
984 963 1174 1002 formulae
1201 965 1242 1001 et
1268 962 1496 1009 locutiones,

141 1032 201 1069 tot
221 1031 431 1070 sententiae
450 1044 661 1083 earumque
681 1033 988 1072 constructiones
998 1031 1248 1081 reperiantur
1256 1033 1326 1070 aut
1340 1028 1498 1070 eaedem

144 1101 214 1136 aut
237 1093 466 1149 simillimae.
521 1100 669 1139 Nomen
708 1100 863 1150 quidem
893 1099 1159 1149 compilatoris
1185 1099 1339 1148 ignoro,
1373 1101 1417 1136 at
1443 1098 1501 1135 in-

141 1164 263 1204 dolem
308 1167 581 1218 ingeniumque
629 1168 906 1207 Valckenarius
951 1171 1055 1206 recte
1100 1166 1345 1217 significavit.
1399 1165 1498 1204 Nam

140 1233 267 1283 prodit
304 1233 517 1284 sophistam
557 1237 775 1285 quaesitum
813 1236 999 1275 sermonis
1023 1247 1163 1285 genus,
1209 1233 1383 1284 produnt
1410 1246 1499 1271 eum

142 1301 323 1339 orationis
351 1302 530 1341 licentiae
559 1304 695 1341 seriori
723 1304 845 1342 aetati
873 1302 1145 1352 assignandae.
1201 1301 1275 1347 Qui
1302 1313 1380 1350 quo
1407 1300 1501 1339 faci-

140 1367 215 1408 lius
254 1368 427 1408 fraudem
463 1370 610 1409 faceret
636 1370 864 1419 lectoribus,
898 1369 1085 1409 nonnulla
1112 1368 1289 1407 consulto
1316 1381 1387 1406 nec
1417 1368 1500 1406 sine

139 1435 353 1474 calliditate
380 1437 612 1485 immiscuit,
648 1438 788 1487 quibus
827 1439 913 1488 quis
941 1438 1076 1487 utique
1105 1436 1245 1475 adduci
1273 1439 1419 1486 potest,
1457 1440 1501 1474 ut

137 1502 398 1543 laudationem
437 1503 545 1543 brevi
585 1509 675 1555 post
713 1506 883 1555 Agesilai
920 1509 1085 1544 mortem
1120 1505 1382 1554 conscriptam
1417 1516 1501 1542 esse

137 1570 284 1611 credat.
338 1571 397 1609 Ex
423 1571 694 1611 imbecillitate
719 1574 865 1623 ingenii
891 1573 974 1611 eius
1000 1573 1120 1610 nimia
1146 1572 1216 1610 illa
1243 1573 1347 1621 regis
1375 1571 1499 1610 admi—

135 1639 237 1676 ratio
263 1637 393 1686 fluxit3
421 1651 498 1688 quo
526 1639 628 1677 enim
656 1640 820 1689 quisque
846 1640 931 1690 ipse
958 1641 1086 1678 minus
1112 1639 1266 1688 ingenio
1293 1639 1398 1677 valet
1415 1670 1424 1686 ,
1452 1651 1498 1677 eo

136 1706 287 1744 caecior
313 1706 412 1745 solet
438 1719 522 1746 esse
549 1706 715 1746 aliorum
742 1706 969 1746 admirator.
