1641 2866
811 165 834 202 6

137 288 328 341 Spillerus
341 290 385 342 ¹),
414 290 716 342 Buttmannusij
746 303 823 331 una
850 290 964 341 quasi
991 301 1082 329 voce
1110 301 1244 329 omnes
1272 288 1503 340 Xenophon-

137 360 217 405 tem
241 357 324 396 eius
350 370 434 396 esse
470 361 669 397 auctorem
704 357 914 398 affirmant.
968 359 1151 396 Attamen
1189 347 1289 407 post‘
1304 357 1376 396 has
1402 357 1504 396 viro-

136 437 222 463 rum
245 424 449 464 doctorum
477 426 728 476 quaestiones
755 439 817 466 res
841 430 932 465 acta
958 424 1139 465 habenda
1166 437 1244 463 non
1272 428 1343 466 est,
1368 424 1504 475 Neque

137 493 240 530 enim
288 504 441 542 semper
468 493 735 542 Xenophontis
781 493 1002 531 defensores
1045 504 1176 530 verum
1212 491 1391 530 videntur
1419 505 1504 530 esse

137 559 306 610 amplexi
332 572 458 610 neque
486 559 786 609 Valckenarius,
833 561 900 611 qui
936 560 1106 600 breviter
1139 563 1181 599 et
1208 560 1249 598 in
1277 563 1505 598 transcursu

138 628 186 667 de
210 628 436 667 laudatione
463 628 574 676 dixit,
602 628 780 668 omnibus
808 629 1049 679 quaestionis
1073 627 1254 678 partibus
1280 628 1410 666 lumen
1438 626 1506 665 ad-

136 696 275 736 hibuit.
332 696 460 743 Quare
503 710 622 747 quum
658 696 847 736 iudicium
887 711 912 736 a
946 697 1027 735 viro
1066 709 1239 736 summae
1275 694 1504 735 eruditionis

140 769 181 802 et
208 764 456 802 auctoritatis
501 764 721 813 profectum
754 765 909 803 omnino
950 777 1090 803 vanum
1118 777 1201 802 esse
1229 767 1408 813 nequeat,
1437 761 1506 801 sed

139 834 245 870 certe
271 831 403 881 aliquo
431 831 684 871 fundamento
712 832 874 880 nitatur,
903 835 945 871 at
971 845 1062 871 vero
1090 831 1157 871 alii
1186 837 1226 871 et
1252 832 1293 870 in
1319 831 1381 881 liis
1410 843 1504 880 quo-

139 910 215 948 que
244 898 317 937 viri
345 899 499 948 ingenio
529 898 784 949 doctrinaque
811 902 1059 950 praestantes
1074 898 1266 938 diversam
1293 900 1507 948 sequantur

140 966 384 1013 sententiam,
414 967 591 1015 quaestio
612 967 799 1014 exoritur,
828 966 1061 1016 quibusnam
1085 966 1324 1016 argumentis
1352 965 1509 1004 diversa

139 1031 234 1072 haec
261 1033 406 1072 iudicia
434 1032 590 1072 firmata
617 1034 707 1073 sint.
973 1085 975 1088 y

220 1100 304 1139 Hoc
346 1105 536 1151 quantum
580 1114 652 1152 pro
714 1102 853 1140 virium
895 1102 1309 1152 commentationisque
1351 1100 1507 1140 modulo

141 1166 225 1215 fieri
253 1172 395 1218 potest,
434 1168 480 1208 de
521 1170 674 1219 integro
702 1170 905 1219 exquirere
934 1169 1029 1209 mihi
1060 1170 1258 1221 proposui.
1285 1172 1288 1176 '
1312 1171 1441 1220 Atque
1467 1168 1508 1207 in

142 1234 216 1274 hac
244 1249 286 1274 re
314 1237 556 1276 instituenda
596 1250 684 1276 eum
731 1237 906 1277 ordinem
949 1250 1112 1287 eamque
1144 1238 1336 1276 rationem
1363 1236 1508 1287 optime

141 1315 289 1342 servari
327 1317 439 1354 posse
467 1303 624 1352 iudico,
661 1309 706 1343 ut
733 1317 807 1353 res,
837 1317 938 1355 quae
964 1306 1004 1344 in
1032 1305 1258 1345 laudatione
1285 1307 1508 1351 narrantur,

147 1376 348 1423 totamque
371 1373 662 1413 ⁴sententiarum
702 1375 742 1412 et
769 1374 958 1413 orationis
985 1373 1152 1414 indolem
1182 1372 1363 1425 deinceps
1389 1372 1509 1423 respi—

143 1441 252 1479 ciens
281 1442 458 1480 evincere
481 1441 679 1489 studeam,
714 1454 783 1481 suo
815 1442 900 1481 iure
934 1442 1234 1482 Valckenarium
1261 1440 1508 1492 Xenophonti

145 1507 286 1547 librum
316 1507 556 1559 eripiendum
585 1522 668 1549 esse
690 1509 876 1549 statuisse
889 1510 1134 1561 maximeque
1161 1509 1405 1561 probabilem
1425 1522 1508 1548 esse

142 1576 225 1615 eius
252 1578 484 1626 opinionem,
515 1578 745 1627 scriptorem
773 1591 858 1617 esse
886 1578 1113 1628 sophistam.

221 1643 480 1693 Quaestionis,
511 1657 610 1695 quae
637 1644 732 1684 mihi
759 1646 963 1696 proposita
989 1649 1062 1694 est,
1090 1644 1341 1686 difficultates
1370 1645 1508 1692 sentio,

81 1741 84 1744 ⁴
141 1724 258 1760 quam
300 1714 377 1750 sint
421 1726 597 1762 magnae.
648 1713 783 1763 Neque
821 1726 993 1764 unquam
1042 1714 1185 1752 viribus
1221 1728 1313 1753 sane
1340 1714 1508 1753 infirmis

141 1792 225 1818 eam
255 1793 462 1831 aggressus
491 1793 626 1829 essem,
680 1781 756 1820 nisi
783 1781 872 1820 inde
905 1794 968 1820 me
995 1766 1100 1820 haud
1126 1782 1185 1820 ita
1213 1783 1394 1832 exiguam
1419 1796 1507 1833 per-

140 1853 343 1899 cepturum
371 1862 454 1887 esse
484 1848 694 1899 utilitatem
727 1853 846 1898 atque
878 1849 1070 1888 laetitiam
1099 1862 1309 1900 sperarem.
1366 1851 1505 1901 Itaque

139 1918 172 1954 si
201 1917 302 1954 forte
331 1915 426 1964 quid
452 1915 491 1953 in
520 1915 594 1953 hac
624 1915 682 1953 vel
714 1916 784 1954 illa
810 1929 852 1954 re
879 1929 1103 1966 peccavero,
1134 1918 1285 1956 veniam
1314 1917 1408 1956 mihi
1437 1918 1503 1957 da-

144 1988 255 2025 turos
283 1997 367 2024 esse
407 1982 558 2023 confido
602 1983 771 2023 lectores
805 1984 905 2024 illud
943 1984 1210 2035 Xenophontis
1236 1987 1366 2026 animo
1394 2000 1507 2038 repu-

139 2056 288 2091 tantes:
343 2050 532 2090 Χαλεπὸν
558 2048 661 2090 οὕτω
685 2065 724 2090 τι
751 2055 925 2104 ποιῆσαι,
953 2049 1054 2091 ὥστε
1079 2052 1199 2105 μηδὲν
1225 2052 1423 2108 ἁμαρτεῖν.

226 2200 252 2239 ¹)
274 2198 509 2238 Quaestionum
530 2198 571 2230 de
592 2198 747 2240 Xenoph.
768 2198 844 2231 hist.
866 2207 974 2239 grae&
996 2200 1166 2241 specimen.
1187 2209 1220 2241 p.
1242 2202 1293 2233 46.

221 2257 250 2296 Ε)
274 2255 459 2298 Agesilaus.
479 2254 586 2290 Helle.
608 2255 700 2290 1872.
721 2265 755 2298 p.
777 2254 829 2290 29.
850 2254 903 2291 81.
923 2255 994 2289 285,
