1641 2866
809 184 857 223 39

274 310 351 351 Sed
368 310 442 350 hac
456 311 778 361 interpretatione
795 310 1042 350 Valckenarii
1062 313 1333 359 argumentum
1353 310 1510 348 minime

149 379 306 429 infringi
319 378 495 429 protinus
506 377 757 428 intellegitur.
770 378 857 417 Non
869 378 982 426 enim,
998 376 1092 427 quid
1104 377 1270 416 maxime
1284 380 1509 427 quaeratur,

150 447 304 487 Reizius
324 446 531 496 perspexit.
578 446 639 484 An
672 445 970 485 Valckenarium
1006 445 1129 484 credit
1156 445 1235 484 sive
1263 445 1509 496 neglegentia

150 516 228 554 sive
255 513 415 552 consilio
444 512 562 551 verba
589 513 658 552 illa
684 513 748 552 καὶ
776 513 869 566 περὶ
894 509 1056 558 τούτους
1082 527 1114 550 κ.
1142 526 1176 550 τ.
1204 512 1236 550 λ.
1265 525 1340 551 non
1368 512 1510 552 vidisse

149 585 352 630 totumque
379 580 510 619 locum
530 580 647 620 aliter
665 585 782 630 atque
801 582 928 631 ipsum
942 581 1243 630 interpretatum
1257 592 1339 619 esse
1352 581 1371 618 ⁸?
1396 579 1510 619 Certe

152 648 463 696 Valckenarius,'
484 649 543 687 vir
570 661 710 698 magno
738 648 883 698 ingenii
911 648 1106 694 acumine,
1139 660 1281 697 magna
1308 648 1511 698 diligentia

152 720 268 767 atque
295 716 481 766 religione
509 715 607 755 vidit
626 716 755 755 omnia
774 715 980 765 omniaque
998 718 1103 754 recte
1122 714 1324 754 intellexit.
1366 716 1510 755 Verum

149 785 341 824 enimvero
368 783 408 821 in
434 783 495 821 his
520 784 615 833 ipsis
643 783 770 822 verbis
791 782 1062 821 difficultatem
1085 783 1209 821 inesse
1224 787 1366 832 censet,
1392 796 1508 833 quum

149 850 411 902 compluribus
438 850 727 893 Hellenicorum
755 851 851 891 locis
880 851 1102 902 Agesilaum
1130 854 1170 890 et
1197 854 1333 890 contra
1351 851 1453 891 cives
1471 856 1511 891 et

149 924 284 958 contra
319 920 449 957 hostes
484 920 704 968 peccavisse
741 923 935 957 narratur.
1002 918 1177 956 Debebat
1210 919 1331 967 igitur
1357 919 1511 957 Reizius

149 978 374 1033 ostendere,
416 986 448 1024 si
489 986 718 1037 scriptorem
757 985 806 1024 ab
846 986 951 1025 omni
986 986 1102 1036 culpa
1140 984 1309 1025 liberare
1343 985 1510 1035 volebat,

148 1053 341 1102 quomodo
379 1053 614 1091 laudationis
649 1053 766 1091 verba
801 1066 887 1091 cum
920 1053 1086 1090 historia
1125 1052 1276 1091 Graeca
1311 1054 1510 1092 conciliari

146 1125 315 1171 possent,
344 1119 412 1158 sed
438 1133 486 1159 ne
513 1120 628 1159 unius
643 1120 796 1171 quidem
817 1120 906 1167 loci,
934 1133 1047 1171 quem
1068 1120 1202 1159 attulit
1215 1120 1506 1171 Valckenarius,

147 1189 341 1227 rationem
368 1188 516 1226 habuit.
571 1188 698 1234 Quare
725 1190 866 1227 mirum
893 1188 1005 1227 nobis
1033 1189 1186 1227 videtur
1213 1189 1276 1226 Fr.
1307 1190 1351 1227 A.
1378 1189 1508 1228 Wolfii

149 1256 196 1295 de
235 1256 308 1295 hac
346 1270 388 1296 re
423 1256 629 1306 iudicium,
667 1257 735 1308 qui
770 1257 810 1295 in
844 1256 1095 1297 adnotatione
1131 1256 1182 1296 ad
1217 1256 1337 1297 Reizii
1363 1256 1509 1298 librum

148 1326 255 1364 facta
293 1326 389 1363 haec
418 1326 609 1375 scripsit:¹
638 1326 798 1373 „Nescio
832 1340 882 1364 an
909 1326 1005 1364 nihil
1040 1326 1166 1364 aliud'
1187 1325 1310 1375 egerit
1344 1326 1511 1374 Reizius,

151 1406 265 1442 quam
301 1398 344 1431 ut
382 1406 500 1432 unum
539 1392 735 1444 quoddam
771 1392 1070 1432 Valckenariani
1104 1393 1237 1432 iudicii
1272 1396 1511 1432 momentum

151 1462 356 1502 elevaret-ff
421 1462 676 1511 Nequaquam
704 1462 804 1500 enim
841 1462 1005 1500 elevavit
1045 1462 1111 1500 ille
1129 1491 1138 1508 ,
1180 1462 1283 1511 quod
1324 1475 1372 1500 ne
1414 1462 1512 1501 vidit

150 1529 316 1579 quidem.

278 1597 393 1636 Aliud
420 1598 569 1647 placuit
595 1598 752 1637 Zeunio.
805 1598 891 1636 Non
918 1597 966 1636 de
994 1599 1097 1636 omni
1126 1598 1296 1647 Agesilai
1324 1599 1406 1637 vita
1433 1611 1513 1637 om-

152 1666 341 1714 nibusque
377 1665 491 1703 rebus
526 1666 646 1715 gestis
679 1665 906 1715 accipienda
944 1678 1027 1704 esse
1062 1665 1178 1703 verba
1214 1666 1283 1704 illa
1318 1666 1512 1716 opinatur,

153 1733 222 1772 sed
258 1733 305 1771 de
341 1733 477 1781 rebus,
521 1746 617 1782 quas
651 1733 717 1772 ille
751 1734 791 1772 in
830 1746 979 1772 summa
1007 1737 1225 1781 senectute,
1270 1734 1447 1785 inprimis
1473 1734 1513 1772 in

154 1802 329 1851 Aegypto
371 1802 545 1851 proxime
590 1805 680 1840 ante
720 1805 884 1840 mortem
926 1803 1102 1851 gesserit.
1166 1802 1274 1841 Haec
1308 1802 1514 1850 sententia,

153 1881 270 1918 quam
317 1870 643 1919 Baumgartenius
689 1871 835 1919 recepit
875 1882 1000 1919 neque
1034 1869 1271 1920 improbavit
1308 1870 1514 1918 Weiskius,

151 1937 379 1988 impugnata
407 1942 466 1976 est
494 1937 543 1977 ab
571 1937 788 1987 Heilandio,
818 1938 884 1988 qui
911 1938 985 1977 hoc
1012 1939 1166 1978 nomine
1197 1938 1419 1989 Agesilaum
1452 1938 1516 1977 vix

152 2007 325 2054 potuisse
352 2006 506 2044 lauda-ri
534 2007 629 2045 dicit
656 2006 704 2045 ob
723 2006 926 2056 perfidiam
950 2007 990 2044 in
1012 2007 1258 2056 expeditione
1278 2007 1517 2056 Aegyptiace.

154 2078 362 2114 ostensam.
419 2073 528 2112 Adde
558 2073 661 2124 quod
688 2063 807 2112 verba
834 2073 1073 2113 laudationis
1102 2074 1282 2112 universe
1311 2077 1402 2112 sunt
1429 2086 1518 2124 pro-

153 2143 237 2182 lata
264 2156 389 2192 neque
417 2143 551 2190 ullum,
576 2154 805 2191 quocunque
826 2142 1070 2191 explicantur
1088 2142 1215 2189 modo,
1243 2143 1284 2180 in
1303 2143 1350 2180 iis
1374 2142 1519 2180 inveni-

153 2214 218 2250 tur
244 2210 447 2257 indicium,
487 2222 563 2260 quo
590 2210 751 2250 ultimae
779 2212 932 2249 tantum
961 2209 1218 2262 expeditionis
1247 2222 1466 2250 successum
1495 2224 1519 2250 a

154 2280 342 2330 scriptore
368 2280 543 2330 intellegi
571 2279 853 2330 comprobetur.

269 2347 336 2387 'Ne
372 2360 456 2387 eam
485 2347 641 2398 quidem
668 2348 786 2395 viam,
826 2360 944 2397 quam
973 2347 1166 2386 Weiskius
1194 2350 1234 2386 et
1262 2346 1520 2387 Schneiderus

156 2416 364 2454 Kuihnium
394 2417 516 2455 secuti
543 2417 706 2466 ingressi
734 2420 836 2464 sunt,
867 2416 1048 2465 equidem
1076 2429 1234 2466 possum
1261 2416 1423 2465 ingredi.
1468 2415 1521 2454 Hi

156 2487 261 2521 recte
288 2484 365 2522 dici
392 2497 476 2522 eum
505 2497 618 2534 posse
645 2482 916 2522 iudicaverunt
929 2479 1204 2535 ἀναμάρτητον,
1233 2483 1389 2532 quinon
1405 2496 1522 2533 saepe

154 2555 353 2600 peccasset
401 2554 441 2591 et
475 2551 634 2591 beatum
666 2555 751 2591 tota
785 2553 866 2591 vita
898 2550 1095 2599 functum,
1142 2552 1209 2600 qui
1246 2564 1321 2590 non
1357 2551 1523 2589 multum

155 2619 248 2658 mali
275 2619 447 2661 vidisset.
488 2621 678 2660 Nimirum
706 2621 777 2660 tali
804 2620 918 2661 modo
946 2621 1069 2660 omnis
1097 2620 1305 2659 difficultas
1334 2619 1522 2659 facillime
