1641 2866
780 143 831 183 60

115 268 167 306 At
193 267 256 305 hic
282 266 438 306 dativus
466 280 553 307 mea
580 267 737 317 quidem
765 268 957 307 sententia
984 267 1034 306 ab
1053 267 1143 316 illis,
1173 280 1270 318 quos
1289 280 1483 318 gramma-

114 335 216 374 ticus
243 334 310 374 ille
331 335 479 384 attulit,
507 335 753 386 aliquantum
767 336 944 375 diversus
962 339 1033 384 est,
1058 348 1150 375 nam
1169 348 1226 384 ea,
1246 348 1359 385 quae,
1379 336 1485 387 quod

115 403 262 440 attinet
296 402 347 442 ad
375 403 588 453 scriptores
615 404 813 452 meliores,
841 404 1075 454 postulatur,
1103 403 1289 442 interiore
1316 404 1485 444 necessi-

114 469 250 509 tudine
277 483 365 510 cum
391 471 509 511 verbo
538 471 647 512 finito
677 485 754 512 non
781 477 840 511 est
868 472 1108 521 coniunctus,
1137 472 1206 512 sed
1233 472 1316 512 sola
1334 475 1485 524 tempo-

113 539 169 584 ris
196 539 299 578 ratio
326 539 546 579 intercedit.
602 539 726 587 Quam
754 540 802 579 ob
822 553 980 579 causam
1008 540 1187 591 equidem
1214 533 1362 590 dubito,
1389 553 1482 580 num

114 606 347 658 Xenophon,
386 608 418 646 si
451 607 625 647 libellum
658 610 953 659 composuisset,
992 622 1064 659 pro
1105 609 1274 659 genitivo
1302 608 1483 648 absoluto

113 674 216 713 hunc
251 675 492 714 admissurus
527 676 645 714 fuerit
671 676 863 724 dativum,
904 689 982 727 quo
1011 676 1173 725 Graeci,
1214 677 1281 727 qui
1308 680 1483 727 tempore

114 743 396 792 imperatorum
432 745 695 782 Romanorum
737 746 993 793 scripserunt,
1034 744 1264 783 Latinorum
1301 743 1484 783 ablativis

114 808 304 850 absolutis
331 812 487 860 assueti,
514 812 668 862 saepius
696 813 755 851 usi
784 815 888 853 sunt.

237 879 386 918 Deinde
420 881 584 930 legimus
620 881 649 920 Ι.
691 882 762 919 22:
802 881 867 919 καὶ
893 883 969 918 τῶν
994 879 1091 919 κατὰ
1116 878 1256 933 κράτος
1281 876 1484 919 ἀναλώτων

113 946 269 997 τειχέων
294 949 342 1000 τῇ
368 947 648 1001 φιλανθρωπίᾳ
674 947 754 988 ὑπὸ
773 952 887 1002 χεῖρα
907 947 1090 988 ἐποιεῖτο.
1125 948 1255 988 Verba
1273 947 1352 988 ὑπὸ
1370 951 1483 1002 χεῖρα

114 1020 321 1056 ποιεῖσθαι
357 1031 444 1055 cum
483 1018 653 1066 genitivo
688 1023 914 1057 constructa
948 1019 1026 1056 iam
1054 1018 1274 1067 Lennepius
1290 1019 1319 1067 ¹)
1352 1030 1482 1067 repre-

114 1084 261 1124 hendit.
318 1085 513 1136 Sauppius
546 1085 704 1136 quidem
740 1085 836 1125 nihil
869 1085 1018 1125 insoliti
1045 1086 1085 1124 in
1111 1085 1173 1125 his
1200 1084 1328 1125 verbis
1354 1085 1481 1125 inesse

113 1157 229 1202 putat
261 1167 425 1203 eumque
462 1159 621 1192 secutus
655 1159 713 1193 est
748 1154 1069 1193 Breitenbachius
1096 1154 1307 1200 adnotans,
1343 1155 1481 1202 geniti-

114 1233 203 1258 vum
241 1220 459 1271 significare
498 1220 651 1261 urbium
679 1225 845 1273 partem.
900 1220 1012 1269 Quod
1038 1234 1131 1260 num
1159 1220 1320 1273 proba-ri
1342 1220 1479 1272 possit,

115 1291 329 1338 quaeritur.
392 1291 500 1340 Nego
536 1292 740 1340 equidem,
783 1305 872 1329 nam
913 1282 1126 1329 ex‘verbis
1153 1291 1183 1330 Ι.
1216 1293 1282 1328 16:
1321 1289 1386 1328 καὶ
1412 1288 1482 1334 τὰς

114 1354 252 1404 πόλεις
283 1357 564 1413 κατεστρέφετο
600 1363 638 1398 et
666 1372 713 1398 ex
741 1360 773 1409 ξ.
803 1361 868 1398 23;
898 1356 940 1398 ἐκ
965 1360 1102 1397 πασῶν
1127 1359 1202 1397 τῶν
1228 1355 1308 1397 ἐκεῖ
1334 1355 1482 1398 πολέων

116 1431 155 1465 et
174 1441 221 1466 ex
240 1430 272 1478 ξ.
302 1431 371 1466 37:
400 1428 635 1480 παραλαβών
661 1414 791 1473 πάσας
809 1425 955 1475 πόλεις,
984 1424 1044 1479 ἐφ’
1066 1423 1112 1472 ἃς
1130 1422 1257 1479 ἄρξων
1276 1425 1483 1474 ἐξέπλευσε

116 1495 341 1544 Agesilaum
382 1508 458 1534 non
494 1499 646 1546 partem
680 1495 888 1546 Phrygiae,
926 1494 994 1534 sed
1022 1507 1154 1534 omnes
1181 1494 1287 1533 illius
1313 1493 1482 1544 regionis

116 1563 233 1601 urbes
262 1564 299 1601 in
317 1567 515 1614 potestate
533 1564 716 1602 habuisse
733 1564 991 1614 cognoscitur.
1020 1563 1172 1603 Mecum
1191 1563 1311 1600 etiam
1331 1562 1484 1600 faciunt

112 1631 344 1669 Heilandius
372 1634 412 1669 et
438 1632 648 1678 Hanovius,
678 1632 744 1681 qui
773 1632 982 1681 genitivum
1010 1631 1067 1669 ita
1086 1629 1310 1678 defendunt,
1338 1632 1384 1667 ut
1401 1627 1481 1667 ὑπὸ

112 1702 226 1752 χεῖρα
252 1702 458 1738 ποιεῖσθαι
486 1699 587 1738 idem
617 1700 744 1738 valere
773 1703 960 1746 statuant,
990 1698 1093 1749 quod
1116 1700 1279 1750 κρατεῖν.
1313 1696 1389 1737 Sed
1406 1697 1479 1736 hoc

114 1767 270 1805 dicendi
297 1781 420 1817 genus
449 1769 523 1806 nisi
553 1768 659 1818 apud
685 1771 820 1817 poetas
850 1771 888 1805 et
908 1768 1119 1816 scriptores
1140 1765 1367 1815 posterioris
1386 1769 1483 1802 tem·

114 1835 221 1884 poris
248 1848 326 1874 non
353 1836 560 1885 reperitur.
589 1858 641 1865 —-
668 1835 789 1874 Porro
818 1834 1000 1873 laudator
1028 1833 1186 1884 scripsit
1213 1833 1243 1873 Ι.
1272 1833 1339 1871 36:
1375 1830 1485 1872 ἐλπί-

115 1901 190 1949 ζων
229 1900 458 1941 καταλύσειν
490 1902 557 1956 τῆν
597 1902 666 1942 ἐπὶ
699 1902 767 1955 τῆν
795 1899 951 1941 Ἐλλάδα
983 1898 1268 1955 στρατεύουσαν
1294 1897 1485 1953 πρότερον

114 1967 245 2024 ἀρχήν.
303 1971 403 2010 Sane
432 1971 584 2019 Graeci,
614 1985 691 2021 qua
719 1976 831 2010 erant
858 1971 1000 2021 ingenii
1030 1969 1258 2018 mobilitate,
1287 1982 1350 2008 res
1371 1983 1482 2019 prae-

114 2040 254 2077 teritas
288 2039 329 2077 in
365 2040 488 2089 ipsam
519 2040 779 2090 praesentiam
807 2039 1002 2078 adducere
1031 2042 1181 2084 amant,
1221 2050 1297 2087 quo
1324 2037 1485 2087 propius

113 2107 266 2157 possint
307 2120 441 2145 earum
469 2108 581 2157 quasi
608 2108 658 2146 ad
687 2108 813 2145 vivum
842 2120 1063 2156 expressam
1090 2106 1300 2155 imaginem
1325 2106 1481 2145 intueri.

116 2174 193 2213 Sed
220 2187 244 2212 a
273 2174 539 2224 Xenophontis
567 2176 816 2225 simplicitate
846 2178 1020 2213 nostrum
1050 2174 1177 2212 locum
1205 2173 1377 2211 alienum
1397 2185 1482 2212 esse

116 2242 243 2280 credo.
299 2242 408 2280 Idem
435 2243 557 2280 libelli
586 2242 755 2281 editores
784 2256 906 2292 paene
934 2254 1066 2280 omnes
1093 2241 1325 2279 iudicavisse
1352 2240 1481 2279 viden-

115 2313 197 2357 tur,
237 2321 327 2347 nam
364 2308 570 2347 lectionem
612 2309 810 2348 codicibus
839 2308 1107 2348 confirmatam
1134 2306 1386 2357 repudiantes
1412 2319 1483 2357 pro

114 2377 324 2428 participio
331 2378 548 2427 praesentis
557 2378 630 2416 scri
634 2381 795 2427 pserunt
802 2377 990 2416 aoristum
997 2371 1296 2428 στρατεύσασαν.
1310 2375 1485 2413 Breiten-

114 2441 276 2484 bachius
303 2458 393 2484 vero
421 2445 494 2484 hoc
522 2445 676 2484 dicendi
705 2458 826 2495 genus
853 2448 1059 2495 poetarum
1086 2444 1254 2485 maxime
1280 2444 1482 2497 proprium

242 2594 268 2635 1)
289 2593 386 2634 Epist
416 2592 459 2624 ad
482 2592 645 2624 Phalarid.
669 2602 743 2633 pag.
765 2592 836 2624 350.
859 2591 924 2632 (ed.
946 2591 1123 2632 Schaefer.)
