1641 2866
796 181 846 218 43

141 303 332 355 Lysandri
384 305 610 344 auctoritati
656 304 833 344 debuisse
877 305 1092 356 Xenophon
1136 308 1285 345 narrat.
1354 305 1503 344 Deinde

140 372 283 411 multos
319 372 539 423 Agesilaum
574 372 788 413 admiratos
825 386 911 413 esse
953 373 1143 422 refertur,
1185 374 1289 424 quod
1327 374 1503 412 traiectis

138 441 180 479 in
208 440 338 478 Asiam
358 432 479 490 copiis
492 440 532 479 in
551 442 638 491 ipsa
655 441 827 480 hostium
846 444 954 480 terra
972 453 1147 491 pugnare
1161 442 1355 490 maluerit,
1385 454 1501 492 quam

139 508 289 547 hostem
333 509 374 547 in
421 507 624 548 Graeciam
663 511 948 559 transgressum
996 511 1233 559 exspectare.
1288 510 1501 560 Xenophon

139 577 269 614 autem
308 575 470 614 eundem
513 576 756 626 Lysandrum
793 576 972 627 Agesilao
1000 577 1236 626 persuasisse
1264 581 1421 625 narrat,
1459 582 1503 616 ut

140 642 423 693 expeditionem
461 645 676 695 susciperet
710 645 918 696 copiasque
945 644 1169 684 traduceret
1197 646 1236 684 in
1266 645 1414 694 Asiam,
1444 647 1501 684 ita

139 707 185 750 ut
210 711 283 750 hae
311 725 464 763 quoque
491 713 629 752 laudes
655 713 770 751 huius
796 714 927 763 potius
948 713 1120 761 consilio,
1151 726 1266 763 quam
1287 714 1391 752 illius
1408 728 1499 764 pru-

139 778 294 818 dentiae
320 780 600 830 impertiendae
628 781 720 821 sint.

265 848 389 896 Quam
416 836 588 888 diversus
617 850 784 901 scriptor
811 851 843 901 ἕ.
874 852 907 890 6.
937 862 961 888 a
987 863 1115 889 rerum
1144 852 1347 888 narratore
1376 848 1501 898 abeat,

139 917 214 954 iam
244 916 418 955 Rankius
445 917 542 956 bene
570 917 855 958 animadvertit.
915 918 1011 966 „Ubi
1042 918 1216 965 Asiatici,
1244 919 1382 968 inquit,
1411 917 1502 956 belli

140 997 279 1024 causae
308 990 550 1034 enarrantur,
589 987 629 1024 in
656 987 821 1026 historia
849 987 1001 1026 Graeca
1012 988 1040 1037 ¹)
1069 988 1233 1037 legimus
1263 985 1312 1025 ob
1340 986 1500 1024 classem

140 1065 164 1090 a
192 1052 319 1091 Persis
353 1057 531 1102 paratam
568 1066 685 1092 suasu
712 1054 905 1104 Lysandri
935 1055 1154 1104 Agesilaum
1184 1056 1222 1092 in
1256 1053 1385 1092 Asiam
1414 1067 1502 1103 pro-

142 1121 285 1161 fectum
325 1134 408 1160 esse
440 1121 645 1173 Persisque
679 1121 822 1162 bellum
859 1123 1055 1171 intulisse,
1093 1124 1132 1164 in
1162 1121 1359 1172 Agesilao,
1398 1121 1502 1171 quod

139 1189 236 1240 ipsis
271 1189 386 1229 rebus
413 1194 550 1241 postea
577 1192 698 1241 gestis
724 1191 942 1240 refutatur,
986 1191 1099 1230 classi
1127 1191 1244 1230 etiam
1273 1191 1408 1241 copiae
1435 1180 1515 1240 pe?

140 1256 289 1296 destres
330 1257 578 1299 adiiciuntur.
642 1259 701 1298 Ibi
744 1272 844 1309 quae
893 1259 1087 1310 expeditio
1128 1260 1256 1298 Persis
1292 1259 1333 1298 in
1374 1258 1503 1298 animo

140 1325 268 1374 fuerit,
296 1325 363 1375 qui
390 1327 571 1364 nuntium
599 1326 724 1375 affert,
754 1328 902 1365 nescire
930 1341 971 1366 se
998 1327 1164 1375 fatetur;
1192 1326 1298 1377 apud
1324 1326 1427 1365 hunc
1455 1339 1501 1363 ea

141 1394 258 1432 certis
292 1392 417 1432 verbis
455 1393 615 1432 Graecis
655 1394 842 1443 insertur,
878 1408 955 1433 non
983 1394 1334 1434 Lacedaemoniis.“
1392 1394 1503 1432 Hanc

141 1461 282 1500 Rankii
307 1452 683 1511 argumentationem
702 1462 966 1501 Beckhausius
976 1463 1006 1514 2)
1035 1475 1238 1501 recensens
1257 1461 1502 1501 laudatorem

142 1529 201 1567 ita
229 1529 412 1577 defendit,
442 1533 485 1568 ut
513 1529 628 1576 dieat,
662 1530 700 1567 in
728 1530 940 1569 Hellenicis
968 1531 1051 1569 sola
1078 1530 1227 1579 referri,
1256 1542 1356 1580 quae
1383 1529 1504 1568 Hero-

141 1597 211 1637 das
249 1597 406 1648 quidam
440 1599 695 1646 nuntiaverit,
729 1602 771 1637 at
797 1598 1063 1638 laudationem
1091 1598 1223 1648 plures
1247 1598 1424 1646 nuntios,
1461 1602 1504 1636 ut

140 1665 308 1715 Nepotis
330 1665 428 1704 illud
461 1665 587 1713 „sama
614 1667 794 1713 exierat,“
832 1666 1026 1716 respicere
1061 1665 1180 1704 videri
1209 1678 1333 1716 neque
1363 1665 1504 1704 Diodo—

140 1747 226 1773 rum
254 1746 379 1783 neque
407 1733 657 1772 Plutarchum
684 1733 881 1773 laudatori
909 1747 1138 1784 repugnare.
1189 1734 1286 1772 Tum
1313 1733 1409 1772 haec
1437 1733 1504 1772 ad-

141 1800 218 1839 dit:
272 1801 427 1851 „Neque
456 1815 545 1840 vero
578 1802 694 1840 rebus
730 1798 868 1852 postea
902 1802 1021 1851 gestis
1055 1802 1257 1852 pedestres
1294 1795 1427 1852 copias
1464 1805 1504 1840 et

140 1881 303 1918 magnas
343 1868 497 1918 quidem
539 1882 563 1908 a
588 1869 716 1908 Persis
757 1882 841 1908 esse
866 1873 1111 1919 comparatas
1138 1869 1367 1908 refutatur.“
1428 1869 1503 1908 Sed

141 1939 276 1975 contra
313 1936 386 1975 hoc
420 1940 691 1987 argumentum
727 1937 769 1975 id
804 1937 1037 1987 respondeo,
1074 1950 1121 1975 ex
1149 1936 1265 1976 verbo
1293 1935 1503 1988 ἐξηγγέλθη

139 2016 209 2054 per
237 2016 277 2042 se
305 2003 443 2054 collegi
470 2018 547 2044 non
574 2018 698 2055 posse,
726 2005 857 2055 plures
886 2003 1006 2043 fuisse
1034 2006 1202 2044 nuntios.
1237 2005 1358 2043 Porro
1379 2004 1500 2043 Beck-

139 2071 299 2110 hausius
327 2085 453 2121 neque
479 2072 642 2123 Nepotis
670 2072 768 2111 illud
800 2072 925 2119 „fama
954 2073 1122 2111 exierat“
1156 2086 1294 2122 urgere
1323 2072 1500 2118 debebat,

140 2153 258 2191 quum
286 2139 383 2179 nihil
408 2139 552 2189 obstet,
597 2141 687 2191 quin
718 2140 939 2189 credamus,
972 2154 1019 2179 ex
1046 2141 1130 2191 ipso
1159 2140 1339 2180 Herodae
1366 2140 1502 2179 nuntio

139 2208 283 2247 famam
323 2212 497 2248 exortam
532 2223 616 2248 esse
656 2222 780 2258 neque
817 2210 1089 2248 auctoritatem
1130 2209 1317 2257 Diodori,
1355 2210 1421 2258 qui
1455 2209 1503 2247 de

139 2275 212 2316 hoc
239 2277 376 2315 nuntio
405 2276 504 2316 silet.
542 2276 616 2317 Sed
644 2276 737 2328 quid
763 2276 810 2316 de
838 2277 1074 2316 Plutarcho?
1101 2277 1294 2327 Loquitur
1321 2277 1386 2316 ille
1415 2277 1499 2327 qui-

139 2344 226 2383 dem
254 2345 302 2384 de
329 2345 505 2395 pluribus
532 2346 680 2384 nuntiis
696 2377 705 2394 ,
745 2346 812 2384 sed
839 2347 879 2384 in
905 2346 978 2394 iis,
1007 2358 1106 2395 quae
1133 2347 1369 2385 nunciantur
1386 2377 1397 2393 ,
1425 2359 1501 2384 non

140 2425 226 2451 cum
264 2412 486 2462 laudatore,
530 2413 597 2452 sed
638 2427 722 2453 eum
764 2427 893 2453 rerum
931 2414 1118 2464 scrsptore
1153 2414 1334 2454 concinit.
1396 2413 1501 2453 Haec

268 2561 292 2602 1)
314 2560 361 2594 cr,
382 2559 468 2593 Heu.
489 2560 547 2595 111.
568 2562 598 2595 4.
622 2562 651 2593 1.

263 2619 291 2660 ²)
313 2618 361 2651 ef.
383 2619 404 2652 1.
425 2619 448 2651 1.
471 2628 545 2661 pag,
567 2621 597 2652 3.
620 2628 667 2660 sq.
