1641 2866
755 156 803 192 35

99 274 407 332 μακαριζόμενος
452 277 519 316 τὸν
556 274 618 316 ἀεὶ
666 277 801 332 χρόνον
850 277 1003 331 μνήμης
1046 276 1298 329 τυγχάνοιμις
1347 279 1454 318 Haec

100 348 331 398 scriptorem
380 346 520 397 capitis
571 346 688 388 finem
732 347 957 387 afferentem
1004 348 1189 386 intuitum
1236 360 1319 387 esse
1370 348 1456 398 quis

98 414 281 465 negabit?

225 481 317 532 Cap.
344 481 411 521 XI.
466 481 578 528 Quod
615 482 662 521 de
699 483 826 533 capite
859 483 1079 533 superiore,
1118 483 1230 534 {idem
1270 483 1374 522 valet
1409 482 1457 521 de

101 552 174 591 hoc
201 550 358 598 ultimo,
393 552 502 588 cuius
529 552 699 589 maxima
724 563 816 601 pars
843 551 1056 590 sententias
1083 551 1160 589 iam
1188 551 1329 589 allatas
1357 563 1458 589 com-

84 615 295 669 plectitur.
348 618 485 657 Insunt
512 622 641 663 autem
670 619 875 666 nonnulla,
913 632 1013 668 quae
1034 619 1277 668 repetitionis
1303 620 1457 657 nomine.

101 685 374 736 comprehendi
406 698 481 724 non
517 689 699 735 possunt,
737 686 805 725 sed
837 690 882 725 ut
908 699 1007 725 nova
1034 686 1251 732 adduntur,
1293 699 1457 735 quorum

102 754 293 805 quaedam
328 753 574 804 Xenophonti
608 754 763 804 assigno
791 758 990 804 tamquam
1018 754 1179 793 auctori.
1236 753 1297 791 Sic
1325 754 1458 803 Agesi-

100 823 205 862 laum
231 822 347 873 plane
361 821 496 861 eadem
509 822 661 861 ratione
681 821 780 860 Deos
795 821 959 860 coluisse
978 822 1152 872 legimus,
1168 821 1193 872 ¹)
1224 834 1300 871 qua
1315 821 1458 872 Cyrum

99 891 296 938 maiorem,
322 889 370 928 de
386 902 463 940 quo
473 890 686 940 Xenophon
701 891 877 941 scripsit:
900 886 1009 939 ὕμνει
1026 904 1069 928 τε
1092 887 1151 928 ἀεὶ
1172 886 1256 939 ἅμα
1272 892 1320 941 τῇ
1334 887 1460 942 ἡμέρᾳ

98 958 190 1005 τούς
228 957 349 1004 θεοὺς
380 957 445 996 καὶ
486 954 611 997 ἔθυεν.
623 959 654 1010 ²)
709 959 770 998 Ad
805 960 837 1009 ξ.
876 961 910 997 3.
952 958 1185 997 conferenda
1223 962 1314 997 sunt
1341 958 1459 996 verba

102 1026 410 1065 Memorabilium
451 1026 516 1065 IV.
556 1029 590 1064 5.
631 1029 681 1064 24
719 1030 760 1065 et
798 1027 848 1065 ad
878 1027 911 1077 ἓ.
949 1029 983 1064 5.
1013 1027 1186 1066 eiusdem
1213 1027 1303 1065 libri
1331 1026 1458 1065 locus:

100 1090 251 1132 πάντων
267 1090 468 1145 κτημάτων
480 1090 683 1146 κράτιστον
697 1089 793 1133 εἶναι
811 1093 924 1147 φίλον
943 1091 1103 1145 ἀγαθόν.
1114 1096 1144 1146 ³)
1164 1096 1284 1133 Porro
1304 1108 1349 1133 ex
1359 1095 1460 1132 Ana-

101 1160 186 1200 basi
213 1173 367 1211 quoque
394 1173 519 1211 pauca
546 1160 749 1212 desumpta
776 1174 860 1200 esse
887 1165 993 1212 puto.
1031 1163 1086 1202 Ut
1112 1162 1296 1201 laudator
1324 1161 1457 1211 Agesi-

100 1228 257 1281 laum,⁴)
285 1230 343 1268 ita
371 1228 514 1279 Cyrum
539 1229 753 1280 Xenophon
779 1230 992 1280 praedicat.
1010 1230 1040 1281 ⁵)
1098 1232 1224 1280 Atque
1252 1230 1456 1276 sententia,

107 1309 209 1347 quae
237 1300 296 1335 est
322 1296 363 1335 in
390 1297 421 1348 ἓ.
449 1297 499 1345 4.,
527 1298 567 1335 in
593 1296 763 1336 Anabasi
776 1297 808 1349 ⁶)
836 1297 1024 1336 similibus
1040 1310 1219 1348 expressa
1248 1301 1309 1336 est
1322 1296 1461 1336 verbis.

102 1364 162 1403 Ad
196 1368 433 1415 postremum
479 1366 598 1404 etiam
637 1378 704 1414 ea,
743 1378 842 1415 quae
878 1365 926 1404 de
954 1366 1123 1416 Agesilai
1151 1367 1276 1405 amico
1305 1370 1458 1404 mortuo

100 1432 314 1483 Xenophon
349 1433 390 1471 in
429 1433 637 1472 Hellenicis
649 1433 680 1484 ⁷)
709 1433 850 1481 refert,
890 1433 1051 1472 adnoto:
1089 1434 1293 1482 κομισθεὶς
1329 1432 1461 1472 οἴκαδε

99 1497 208 1549 ἐὶυχε
234 1502 302 1552 τῆς
325 1500 526 1552 βασιλικῆς
550 1502 687 1553 ταφῆς,
716 1513 816 1553 quae
845 1513 932 1539 cum
960 1501 1108 1541 ultimis
1137 1502 1305 1552 Agesilai
1333 1501 1460 1541 verbis

98 1568 237 1628 mirum
265 1572 453 1618 quantum
486 1572 714 1618 congruunt.

223 1637 348 1686 Atque
375 1635 472 1675 haec
498 1635 631 1682 habes,
661 1648 761 1686 quae
776 1648 863 1674 meo
877 1635 1021 1675 iudicio
1040 1637 1308 1688 Xenophontis
1327 1638 1456 1688 potius

97 1707 205 1752 sunt,
246 1717 362 1754 quam
389 1705 617 1744 laudatoris.
676 1702 775 1741 Nolo
803 1704 983 1752 equidem
1015 1718 1087 1754 pro
1115 1709 1221 1744 certo
1250 1705 1457 1752 affirmare,

98 1772 226 1811 omnia
253 1775 293 1810 et
320 1771 485 1823 singula,
513 1784 613 1822 quae
641 1769 770 1817 attuli,
798 1769 1045 1822 Xenophonti
1072 1772 1226 1820 deberi,
1255 1774 1371 1811 immo
1400 1786 1460 1810 me

97 1839 221 1877 vereri
240 1839 378 1888 fateor,
397 1853 445 1878 ne
465 1852 604 1891 parum
624 1841 788 1889 encomii
806 1841 987 1891 scriptori
1008 1840 1264 1889 attribuerim,
1285 1844 1459 1880 attamen

97 1905 137 1945 id
165 1907 303 1947 saltem
330 1912 514 1958 apparet,
556 1911 636 1947 tam
664 1909 789 1948 multa
816 1921 863 1947 ex
890 1909 1122 1956 Hellenicis‚
1168 1922 1188 1947 e
1217 1909 1460 1959 Cyropaedia

98 1977 137 2012 et
164 1974 348 2021 Anabasi,
377 1988 397 2014 e
426 1975 736 2015 Memorabilium
764 1975 864 2015 libro
892 1976 1056 2026 aliisque
1083 1976 1224 2015 hausta
1251 1989 1347 2024 esse,
1375 1977 1458 2015 iure

96 2045 140 2080 ut
158 2046 384 2092 quaeratur,
413 2046 543 2082 utrum
563 2044 636 2083 hoc
654 2043 924 2094 Xenophontis
938 2045 1093 2093 ingenio
1109 2044 1309 2094 indignum
1331 2044 1457 2083 videa-

96 2112 161 2147 tur
188 2122 321 2150 necne.

225 2254 250 2288 ¹)
273 2252 388 2293 Cyrop.
411 2251 497 2284 VIII.
519 2253 546 2284 1.
568 2251 619 2284 23.

222 2311 249 2350 ‘-¹)
271 2309 369 2350 Ages.
391 2308 418 2350 ξ.
443 2308 471 2340 2.

221 2368 247 2407 ³)
269 2367 363 2400 Mem.
386 2367 428 2400 11.
450 2367 480 2400 4.
505 2368 533 2399 1.

220 2427 249 2466 ⁴)
270 2425 366 2465 Ages.
388 2425 417 2466 ἓ.
439 2425 469 2457 3.

222 2483 248 2522 ὑ)
271 2482 374 2515 Anah.
397 2482 423 2515 Ι.
446 2481 477 2515 9.
500 2482 551 2515 16.

222 2542 246 2577 ὓ)
269 2540 340 2571 VII.
362 2542 390 2571 6.
411 2540 463 2572 21.

222 2598 246 2637 ἲ)
269 2596 315 2629 Cf.
340 2596 425 2629 Hell.
448 2597 486 2630 V.
509 2599 537 2628 3.
563 2599 611 2630 19.

1144 2652 1188 2689 3*
