1641 2866
764 147 814 184 28

107 281 154 310 ex
185 270 351 310 historia
384 270 537 311 Graeca
571 272 707 322 petitis
738 272 922 314 illustret.
966 272 1093 323 Atque
1128 271 1297 323 primum
1327 270 1473 310 inveni-

105 343 171 379 tur
197 340 238 378 in
266 339 477 379 Hellenicis
510 341 578 379 III.
607 341 643 381 4.
674 342 743 388 10,
786 341 853 380 ubi
882 340 1145 391 Spithridates
1171 339 1223 378 ad
1252 338 1472 389 Agesilaum

105 407 290 446 defecisse
331 412 533 447 narratur:
576 407 656 447 ἐκεῖ
695 407 738 447 δὲ
778 407 799 446 ὀ
836 404 1068 460 Λύσανδρος
1101 402 1338 455 αἰσθόμενος
1374 407 1472 444 Σπι-

104 472 294 528 θριδάτην
345 475 412 514 τὸν
460 475 617 528 Πέρσην
669 472 946 526 ἐλαττούμενόν
988 489 1027 514 τι
1076 473 1155 514 ὑπὸ
1197 469 1472 526 Φαρναβάζου,

104 541 319 594 διαλέγεται
373 540 479 593 αὐτῷ
533 543 598 582 καὶ
649 542 784 582 πείθει
836 539 1052 595 ὅποστῆναι
1106 538 1241 592 ἔχοντα
1287 537 1380 586 τούς
1429 553 1473 579 τε

104 610 248 656 παῖδας
284 611 349 651 καὶ
381 610 431 651 τὰ
466 611 557 664 περὶ
599 609 718 650 αὐτὸν
752 608 932 664 χρήματα
964 610 1030 650 καὶ
1069 608 1211 656 ἱππεῖς
1251 606 1305 655 ὡς
1345 607 1472 648 διακο-

106 678 226 725 σίους.
274 679 448 718 Alterum
479 684 539 718 est
567 680 606 718 in
634 679 784 719 Hellen.
812 679 877 719 IV.
910 683 942 718 1.
972 682 1012 718 3:
1043 677 1132 717 ἐπεὶ
1158 676 1202 715 δὲ
1227 674 1387 730 ἀφίκετο
1414 673 1473 721 εἰς

101 746 171 800 τήν
198 745 487 801 Παφλαγονίαν,
516 742 635 800 ἦλθεν
652 742 764 794 Ὄτυς
792 747 911 800 (hunc
930 746 1145 798 Xenophon
1172 746 1213 785 in
1240 747 1272 798 ξ.
1303 747 1337 786 2.
1364 744 1470 796 apel-

100 816 159 855 lat
188 815 255 854 τὸν
280 818 356 853 τῶν
383 812 650 867 Παφλαγόνων
683 815 861 865 βασιλέα)
895 815 960 854 καὶ
987 813 1212 863 συμμαχίαν
1238 809 1468 864 ἐποιήσατο.

101 882 167 923 καὶ
195 881 270 935 γὰρ
296 880 532 932 καλούμενος
558 880 637 922 ὑπὸ
663 882 853 933 βασιλέως
879 880 947 922 οὐκ
973 878 1208 935 ἀναβεβήκει.
1227 879 1472 920 -κατέλιπε

99 955 156 1002 τῷ
180 948 398 1003 Ἀγησιλάῳ
417 948 528 997 Ὄτυς
555 951 703 1001 χιλίους
728 951 799 1000 μὲν
826 950 984 998 ἱππέας,
1012 949 1225 1001 δισχιλίους
1244 948 1287 988 δὲ
1304 949 1471 987 πελτασ-

99 1015 181 1065 τάς.
225 1019 398 1058 Tertium
427 1019 594 1070 denique
614 1020 758 1069 legitur
777 1021 816 1059 in
836 1019 986 1059 Hellen.
1007 1019 1074 1060 IV.
1098 1022 1130 1057 1.
1151 1020 1316 1058 29—37.
1358 1016 1471 1057 Unde

100 1101 199 1137 quae
228 1088 460 1137 deprompta
489 1089 568 1126 sint
596 1092 638 1125 ut
666 1088 808 1134 videas,
837 1089 933 1126 satis
948 1089 1024 1126 erit
1042 1088 1138 1126 haec
1157 1090 1313 1125 notare:
1344 1080 1470 1131 Οὗτος

100 1150 167 1192 οὖν
204 1149 293 1192 εἷπε
332 1153 434 1207 πρὸς
459 1154 525 1193 τὸν
548 1152 785 1207 Ἀγησίλαον,
814 1153 868 1202 ὥς
894 1155 1015 1194 οἴοιτο
1042 1157 1266 1206 συναγαγεῖν
1292 1149 1397 1204 αὐτῷ
1423 1150 1470 1191 ἂν

103 1221 161 1269 εἷς
179 1219 319 1272 λόγους
337 1223 431 1276 περὶ
444 1222 579 1276 φιλίας
595 1221 856 1277 Φαρνάβαζον.
869 1247 919 1252 -—
934 1223 955 1262 ὀ
973 1223 1015 1263 δὲ·
1031 1220 1285 1275 Φαρνάβαζος
1304 1218 1401 1274 ἧκεν.
1417 1245 1468 1251 -

94 1282 184 1340 Ἐγιὸ
219 1289 363 1337 τοίνυν,
402 1289 496 1343 ἔφη,
534 1289 601 1329 ἐάν
632 1280 814 1340 βασιλεὺς
845 1286 960 1330 ἄλλον
986 1290 1057 1340 μὲν
1083 1289 1294 1343 στρατηγὸν
1320 1290 1469 1342 πέμπῃ,

98 1355 169 1408 ἐμὲ
198 1357 239 1397 δὲ
268 1354 437 1411 ὑπήκοον
465 1357 610 1398 ἐκείνου
636 1356 766 1412 τάττῃ,
792 1356 1033 1412 βουλήσομαι
1061 1357 1154 1409 ὑμῖν
1181 1358 1245 1398 καὶ
1265 1357 1379 1411 φίλος
1404 1357 1469 1398 καὶ

98 1423 304 1476 σύμμαχος
336 1421 452 1465 εἶναι·
491 1426 559 1465 &civ
595 1427 727 1476 μέντοι
763 1441 833 1477 μοι
864 1427 933 1480 τῆν
965 1425 1086 1480 ἀρχὴν
1117 1425 1353 1480 προστάττῃ,
1388 1441 1468 1465 τοι-

98 1490 211 1533 οῦτόν
236 1509 286 1544 τι,
315 1494 368 1542 ὡς
395 1492 507 1545 ἔοικε,
536 1495 742 1549 φιλοτιμία
769 1494 883 1544 ἐστίν,
912 1492 956 1534 εὖ
982 1494 1056 1549 χρὴ
1084 1493 1238 1543 εἰδέναι,
1268 1492 1329 1534 ὅτι
1355 1495 1470 1535 πολε-

95 1559 209 1614 μήσω
242 1562 335 1612 ὑμῖν
372 1562 424 1610 ὡς
459 1561 505 1602 ἄν
541 1561 711 1614 δύνωμαι
748 1560 901 1617 ἄριστα.
966 1564 1037 1602 His
1072 1564 1314 1603 Pharnabazi
1341 1563 1469 1602 verbis

98 1630 280 1681 Iaudator
319 1631 480 1670 adiecit:
517 1632 580 1670 καὶ
613 1634 735 1671 ταῦτα
769 1631 889 1682 λέγων
921 1630 1101 1670 ἐπίστευε
1125 1631 1246 1683 μηδὲν
1272 1628 1318 1669 ἂν
1343 1628 1470 1684 παρά-

96 1697 262 1736 σπονδον
288 1702 444 1747 παθεῖν,
474 1713 574 1750 quae¹
604 1713 650 1739 ex
680 1699 851 1739 Anabasi
878 1700 1022 1738 hausta
1049 1712 1133 1738 esse
1155 1701 1342 1750 suspicor,
1371 1711 1464 1738 nam

97 1767 145 1805 de
184 1767 283 1818 Cyro
317 1768 466 1807 minore
500 1768 602 1807 idem
637 1769 799 1808 dicitur:
841 1769 907 1809 καὶ
941 1768 1064 1815 εἴτις
1090 1767 1280 1819 πολέμιος
1307 1767 1466 1819 ἐγένετο,

99 1836 362 1884 σπεισαμένου
410 1833 544 1889 Κύρου
583 1836 766 1876 ἐπίστευε
804 1836 924 1888 μηδὲν
959 1833 1007 1874 ἂν
1043 1835 1152 1887 παρὰ
1190 1835 1264 1882 τοὶς
1299 1835 1470 1882 σπονδὰς

99 1905 257 1944 παθεῖν.
269 1904 298 1956 ¹)

221 1967 267 2004 In
295 1967 430 2005 eodem
457 1967 558 2005 libro
587 1967 689 2005 inest
717 1967 851 2006 eadem
871 1967 1066 2005 sententia
1084 1979 1209 2016 paene
1227 1967 1364 2005 iisdem
1385 1980 1467 2005 ver-

99 2033 159 2072 bis
188 2046 386 2084 expressa,
415 2033 557 2084 quibus
583 2034 657 2073 hoc
685 2037 804 2085 caput
831 2033 1080 2086 clauditur.¹)

215 2102 332 2145 'Adeo
360 2103 482 2152 igitur
510 2103 550 2141 in
569 2102 643 2141 hoc
663 2116 817 2153 quoque
838 2103 965 2153 capite
987 2102 1218 2152 compilator
1237 2116 1324 2141 cum
1343 2103 1469 2143 Xeno-

101 2170 247 2220 phonte
283 2170 472 2217 concinit,
508 2173 553 2208 ut
580 2170 638 2208 vel
669 2170 822 2220 singula
850 2169 968 2208 verba
996 2170 1100 2208 inter
1125 2183 1166 2209 se
1193 2169 1468 2220 respondeant.

95 2238 203 2285 Quae
232 2250 470 2288 quamquam
498 2238 690 2277 neminem
718 2238 883 2288 fugiunt,
911 2237 1132 2277 incredibili
1154 2242 1284 2278 tamen
1304 2238 1470 2278 audacia

96 2305 419 2344 Breitenbachius
448 2305 637 2353 declarat,
666 2307 707 2345 in
736 2308 864 2356 capite
881 2307 1009 2345 'tertio
1029 2307 1125 2345 nihil
1144 2307 1307 2356 reperiri
1326 2307 1463 2345 iisdem

95 2371 224 2411 verbis
253 2385 479 2422 expressum
507 2376 625 2423 atque
652 2374 693 2412 in
719 2373 821 2413 libro
849 2374 1047 2414 historico.
1060 2374 1091 2425 ³)

224 2476 248 2517 1)
270 2475 319 2509 cr.
343 2476 448 2510 Anah.
470 2476 494 2509 1.
518 2477 547 2510 9.
570 2476 601 2510 8.

220 2536 248 2571 2)
273 2533 324 2567 cf.
347 2534 453 2567 Anah.
477 2534 549 2567 vn.
573 2537 600 2567 7.
626 2535 679 2568 41.

220 2591 247 2632 ε)
270 2590 318 2625 of.
338 2591 477 2634 praefat.
499 2602 530 2633 p.
552 2592 610 2625 x1.
