1641 2866
800 156 852 195 50

139 276 239 317 tium
266 277 314 315 ΙΙ.
345 279 406 317 26.
465 278 605 317 Verum
635 277 729 319 haec
769 283 864 320 vitia
892 282 1057 320 fortasse
1084 281 1334 320 librariorum
1362 284 1504 332 potius,

138 355 256 393 quam
283 344 404 394 ipsius
439 345 658 385 laudatoris
687 349 888 387 socordiae
924 348 1133 387 tribuenda
1162 352 1263 397 sunt,
1292 349 1349 388 ita
1376 354 1420 389 ut
1446 349 1506 388 his

137 410 189 450 ad
233 411 430 463 ingenium
478 415 681 466 scriptoris
723 417 987 468 indagandum
1041 419 1100 456 uti
1141 418 1204 457 vix
1238 417 1348 458 nobis
1375 419 1506 460 liceat.

138 481 328 526 Quoniam
358 482 405 520 de
433 484 732 532 repetitionibus
753 488 1034 525 sententiarum
1065 491 1104 524 et
1132 485 1179 523 de
1208 486 1305 524 locis
1334 488 1437 526 inter
1464 501 1504 526 se

136 548 445 598 repugnantibus
470 550 501 601 ¹)
530 563 648 600 supra
677 553 773 591 satis
802 553 946 592 dictum
984 559 1052 600 est,
1083 566 1154 604 age
1182 566 1284 591 nunc
1312 553 1390 593 alia
1418 566 1506 593 con-

137 615 362 655 sideremus.

191 683 267 722 Suo
296 684 379 722 iure
408 684 582 724 Rankius
611 686 649 725 in
670 687 796 737 capite
818 689 935 727 tertio
955 687 1150 727 desiderat
1170 688 1357 728 iudicium
1385 689 1506 739 scrip-

136 752 245 799 toris,
274 752 341 801 qui
370 753 453 802 ipse
481 753 529 791 de
572 751 719 801 pietate
749 753 926 802 Agesilai
954 766 994 792 se
1022 752 1217 791 dicturum
1247 765 1329 791 esse
1358 753 1505 792 indicat

136 821 170 867 ξ.
201 820 235 857 2.
264 819 396 858 Etiam
444 833 491 858 ex
519 819 659 867 verbis,
707 819 848 869 quibus
893 820 981 858 huic
1021 820 1140 870 capiti
1165 819 1280 858 finem
1308 820 1504 870 imposuit,

134 887 235 926 hanc
262 889 490 938 primariam
519 888 703 926 virtutem
730 901 815 927 eum
846 888 1011 927 voluisse
1032 887 1230 928 celebrare
1249 888 1503 939 intellegitur.

137 958 318 995 Attamen
352 956 448 994 nihil
487 956 568 994 fere
596 956 643 995 de
670 957 817 1007 pietate
846 957 1034 1007 protulit,
1070 956 1138 995 sed
1165 956 1291 995 tribus
1319 957 1504 1007 exemplis

135 1024 306 1074 Agesilai
333 1024 448 1063 fidem
486 1029 766 1074 pastorumque
795 1025 1058 1064 constantiam
1087 1025 1254 1063 breviter
1277 1014 1503 1072 illustravit,

134 1095 179 1129 ut
205 1096 405 1142 appareat,
435 1097 625 1142 quantum
653 1093 718 1131 ille
746 1093 893 1143 pietate
922 1092 1098 1131 valuerit.
1141 1092 1252 1139 Quod
1279 1094 1420 1132 merito
1439 1093 1503 1131 hic

135 1165 350 1211 exspectas,
378 1161 473 1210 quid
500 1161 547 1200 de
564 1161 646 1199 Diis
677 1161 880 1211 Agesilaus
909 1162 1084 1206 senserit,
1116 1161 1310 1211 quomodo
1339 1174 1404 1200 eos
1418 1174 1505 1211 pre—

135 1229 245 1267 cibus
279 1233 317 1268 et
352 1229 553 1267 sacrifieiis
589 1233 795 1268 veneratus
823 1229 894 1276 sit,
923 1229 964 1267 id
992 1229 1145 1267 demum
1173 1230 1212 1267 in
1239 1230 1367 1279 capite
1396 1229 1461 1269 XI.
1473 1230 1503 1279 ²)

133 1297 353 1347 exponitur.

257 1365 379 1403 Porro
407 1364 623 1403 clausulam
649 1365 789 1415 capitis
821 1364 883 1403 VI.
904 1364 1066 1414 reliquis
1085 1377 1161 1403 non
1180 1363 1278 1403 bene
1298 1365 1501 1403 convenire

132 1434 208 1472 iam
237 1432 469 1472 Heilandius
497 1433 785 1472 animadvertit.
841 1432 911 1471 Cui
941 1445 1011 1482 ego
1039 1432 1153 1483 plane
1179 1433 1383 1480 assentior,
1411 1446 1500 1471 nam

132 1501 251 1541 verba
285 1501 354 1540 illa
396 1501 451 1540 sic
485 1502 662 1540 universe
704 1502 965 1552 pronunciata
1000 1514 1076 1541 non
1115 1501 1199 1549 hic,
1242 1500 1309 1540 ubi
1343 1500 1391 1540 de
1419 1501 1502 1540 sola

130 1570 272 1609 bellica
302 1570 472 1620 Agesilai
501 1570 647 1608 virtute
674 1570 823 1619 agitur,
867 1569 935 1608 sed
961 1570 1092 1619 potius
1117 1571 1157 1608 in
1184 1568 1260 1608 fine
1288 1570 1409 1608 totius
1438 1583 1501 1608 en-

131 1639 247 1677 comii
283 1637 511 1676 collocanda
545 1641 669 1676 erant.
724 1637 823 1675 Tum
859 1638 899 1675 in
927 1637 1055 1687 capite
1084 1641 1220 1675 octavo
1248 1637 1501 1675 inveniuntur

132 1706 257 1756 plura,
286 1718 386 1755 quae
414 1718 492 1744 non
519 1705 719 1755 pertinent
746 1704 796 1743 ad
825 1718 910 1743 eam
937 1705 1155 1752 materiam,
1184 1717 1301 1754 quam
1329 1717 1370 1743 se
1397 1709 1500 1743 trac-

129 1777 304 1812 taturum
334 1785 420 1811 esse
447 1772 559 1811 initio
588 1773 728 1822 capitis
756 1773 924 1822 scriptor
951 1771 1148 1810 indicavit.
1182 1772 1241 1811 Ea
1255 1773 1370 1820 enim,
1399 1784 1498 1822 quae

130 1840 311 1880 laudator
344 1842 399 1892 ἐξ.
435 1843 550 1879 4-6.
575 1839 755 1879 formulis
791 1839 973 1891 deinceps
1004 1853 1044 1878 se
1078 1839 1381 1890 excipientibus:
1426 1838 1502 1890 ἐγώ

130 1904 197 1947 οὖν
232 1908 298 1947 καὶ
330 1911 445 1947 τοῦτο
479 1910 622 1947 ἐπαινῶ
659 1931 707 1936 -
739 1904 891 1959 ἄγαμαι
929 1907 971 1946 δέ
1005 1904 1155 1946 κάκεῖνο
1187 1931 1238 1936 -
1277 1906 1423 1947 ἐπαινῶ
1457 1906 1500 1946 δὲ

134 1974 349 2015 κᾶκεῖνο-
366 1978 413 2015 iis
441 1977 597 2025 adiecit,
625 1990 725 2026 quae
754 1977 802 2015 de
830 1976 1014 2015 comitate
1042 1975 1102 2026 (τὸ
1117 1971 1271 2028 εὔχαρι)
1287 1979 1327 2014 et
1345 1975 1392 2014 de
1413 1988 1503 2015 con-

129 2046 302 2085 tumacia
337 2045 441 2095 regis
477 2045 653 2092 rettulit,
692 2044 815 2084 multo
844 2044 974 2095 aptius
1002 2044 1126 2095 capiti
1153 2044 1319 2095 septimo
1347 2045 1501 2083 intexu-

127 2115 239 2162 isset,
273 2113 341 2152 ubi
368 2114 562 2163 copiosius
589 2113 771 2163 exponit,
810 2112 1004 2163 quomodo
1046 2124 1139 2162 erga
1177 2111 1350 2151 Graecos
1365 2142 1374 2160 ,
1405 2125 1498 2161 quo-

127 2181 243 2221 modo
271 2181 457 2221 adversus
485 2181 692 2221 Persarum
719 2193 850 2232 regem
882 2180 1086 2232 Agesilaus
1115 2193 1155 2219 se
1184 2179 1359 2231 gesserit.
1390 2180 1499 2227 Quae

129 2253 346 2299 sequuntur
386 2250 477 2287 inde
514 2263 537 2288 a
570 2251 602 2300 §.
640 2251 676 2289 6.
713 2262 836 2298 usque
872 2249 923 2287 ad
961 2248 1076 2287 finem
1107 2249 1268 2299 capitis,
1306 2261 1353 2287 ea
1380 2249 1500 2298 capiti

127 2330 228 2356 nono
257 2321 369 2355 erant
398 2316 617 2364 inserenda,
646 2329 722 2367 quo
751 2316 798 2356 de
826 2317 875 2355 iis
903 2316 1082 2355 omnibus
1110 2318 1241 2367 agitur
1258 2315 1385 2364 rebus,
1414 2316 1499 2366 qui-

125 2386 198 2425 bus
233 2386 406 2436 Agesilai
446 2385 597 2424 vivendi
636 2386 738 2424 ratio
775 2399 799 2424 a
839 2386 991 2424 ratione
1027 2385 1130 2435 regis
1157 2385 1305 2423 Persici
1331 2384 1498 2425 differat.

213 2457 359 2523 15⁷A'ges.
390 2490 459 2522 cap.
489 2479 527 2512 v.
553 2482 579 2511 7.
614 2483 646 2512 et
668 2479 722 2512 v1.
745 2479 774 2512 6.
819 2478 900 2512 Vide
927 2482 1098 2521 praeterea
1128 2478 1152 2512 1.
1176 2478 1224 2511 24.
1249 2478 1289 2512 11.
1320 2478 1371 2513 25.
1393 2482 1426 2512 et
1447 2478 1498 2513 28.

125 2539 166 2572 cf.
188 2539 318 2580 Hagen.
339 2550 362 2581 p
397 2539 444 2571 18.
467 2539 519 2572 46.

208 2597 236 2636 ²)
257 2595 306 2627 Cf.
330 2596 428 2636 Ages.
451 2595 508 2627 XI.
530 2595 580 2636 ἐξ.
605 2596 635 2626 1.
659 2595 688 2627 2.
709 2596 740 2626 8.
