1641 2866
599 675 1033 729 PRAEFATIO.

257 895 386 942 Quum
412 905 611 943 nunquam
641 893 737 932 satis
765 892 968 943 deplorare
987 893 1190 943 possimus,
1218 893 1343 932 multa
1363 894 1496 933 claris-

136 963 322 1002 simorum
366 963 617 1014 antiquitatis
663 963 896 1014 scriptorum
924 976 1043 1014 opera
1069 967 1286 1013 temporum
1319 963 1498 1014 maligni-

135 1035 218 1069 tate
245 1031 437 1079 interisse,
465 1030 734 1082 Xenophontis
759 1030 852 1070 libri
888 1044 1020 1070 omnes
1048 1030 1219 1070 secunda
1245 1030 1403 1070 fortuna
1429 1044 1496 1071 no-

131 1098 190 1136 bis
219 1099 437 1137 conservati
462 1102 564 1137 sunt.
618 1098 765 1137 Eorum
806 1101 953 1145 autem,
982 1099 1048 1148 qui
1076 1099 1158 1137 eius
1185 1099 1339 1137 nomine
1366 1098 1497 1137 ferun-

132 1169 211 1213 tur,
238 1165 337 1205 alios
363 1165 605 1206 adulterinos
641 1179 726 1205 esse
762 1166 836 1205 viri
863 1166 968 1206 docti
996 1167 1104 1205 satis»
1120 1165 1243 1205 firmis
1270 1165 1497 1216 comproba-

132 1236 270 1271 verunt
296 1234 547 1283 argumentis,
575 1233 623 1272 de
650 1233 738 1272 aliis
764 1233 996 1283 disceptatio
1015 1233 1187 1271 nondum
1213 1236 1273 1271 est
1299 1233 1351 1271 ad
1377 1232 1494 1271 finem

132 1299 311 1340 deducta.
368 1300 431 1340 Sic
474 1300 524 1341 de
551 1300 682 1341 libello
708 1314 883 1352 quoque,
930 1301 997 1351 qui
1025 1299 1251 1340 inscribitur
1279 1300 1494 1350 Agesilaus,

133 1368 259 1406 adhuc
287 1368 391 1418 apud
419 1368 584 1407 iudicem
612 1369 662 1407 lis
690 1372 762 1407 est.
792 1369 926 1408 Omnis
953 1368 1109 1418 quidem
1138 1369 1366 1417 antiquitas,
1395 1380 1495 1417 quae

134 1448 211 1486 quo
238 1436 399 1487 propius
444 1435 581 1476 aberat
607 1450 632 1476 a
658 1436 925 1487 Xenophontis
962 1439 1103 1483 aetate,
1150 1448 1195 1475 eo
1231 1435 1368 1475 melius
1395 1447 1495 1486 quae

136 1516 229 1542 vera
258 1504 349 1552 sint,
375 1505 599 1553 cognovisse
626 1517 741 1555 saepe
769 1505 953 1552 creditur,
981 1504 1029 1542 de
1045 1504 1216 1553 Agesilai
1243 1503 1391 1552 origine
1417 1515 1496 1541 non

133 1569 339 1612 dubitavit.
393 1571 551 1611 Nullum
580 1572 683 1612 enim
709 1573 791 1612 eius
820 1573 877 1610 rei
913 1571 1115 1621 vestigium
1144 1571 1351 1611 invenitur.
1380 1569 1496 1609 Multi

133 1642 264 1677 autem
292 1643 464 1678 veterum
492 1640 725 1689 scriptorum
752 1640 1019 1690 Xenophontis
1046 1652 1129 1677 esse
1162 1638 1336 1677 libellum
1364 1638 1491 1688 planis

132 1705 259 1745 verbis
286 1706 452 1757 professi
479 1710 581 1748 sunt.

212 1775 359 1813 Contra
402 1776 503 1814 hanc
531 1776 779 1825 antiquitatis
806 1776 1084 1829 auctoritatem
1112 1775 1310 1824 superiore
1338 1773 1492 1812 demum

133 1841 263 1881 seculo
291 1843 537 1892 exstiterunt,
565 1844 631 1894 qui
659 1843 925 1883 laudationem
951 1855 1027 1882 non
1056 1854 1138 1881 esse
1167 1840 1514 1897 Xenophonteam⁴

134 1910 286 1950 efficere
314 1915 561 1951 conarentur.
615 1912 811 1963 Imprimis
837 1911 1136 1958 Valckenarius,
1178 1910 1288 1949 cuius
1313 1922 1495 1960 magnum

133 1980 173 2016 in
201 1991 243 2017 re
273 1979 410 2017 critica
436 1993 576 2018 nomen
626 1984 708 2027 est,
750 1980 973 2029 Agesilaum
1000 1992 1024 2017 a
1051 1978 1306 2027 Xenophonte
1345 1977 1494 2016 abiudi-

136 2046 303 2085 candum
331 2059 414 2086 esse
442 2047 654 2088 contendit.
704 2047 826 2095 Quem
853 2047 919 2098 qui
946 2047 1232 2097 impugnarent,
1261 2058 1339 2084 non
1366 2045 1497 2084 defue-

134 2119 236 2153 runt.
292 2115 473 2163 Zeunius,
500 2116 837 2166 Baumgartenius,
867 2115 1072 2175 Weiskius,
1103 2113 1309 2163 Sauppius,
1340 2113 1497 2153 Schnei-

135 2176 262 2226 derus,
302 2177 544 2226 Heilandius,
585 2177 915 2227 Breitenbachius,
958 2179 1026 2230 qui
1066 2179 1238 2220 libellum
1277 2180 1495 2228 ediderunt,

133 2248 339 2294 praeterea
383 2245 702 2285 Westermannus
715 2247 764 2298 ¹),
826 2247 1081 2287 Delbriickius
1093 2249 1124 2300 ²)
1138 2279 1147 2297 ‚
1194 2249 1439 2288 Christianus
1451 2248 1496 2300 ⁸),

222 2394 245 2433 ¹)
270 2393 316 2424 Cf.
340 2394 364 2424 G
403 2393 439 2425 F.
462 2393 614 2425 Vossius:
643 2393 694 2425 De
714 2393 877 2426 historicis
898 2404 1003 2435 graec.
1027 2395 1095 2426 libr.
1123 2395 1175 2426 111.
1204 2406 1227 2425 s
1252 2406 1279 2426 v.
1304 2395 1497 2435 Xenophon.

136 2450 259 2489 (Editio
283 2451 533 2485 Westermanni.
553 2450 645 2493 Lips.
667 2450 772 2491 1838.)

218 2509 245 2548 ²)
266 2509 466 2549 Xenophon,
489 2508 555 2540 Zur
577 2509 721 2549 Rettung
743 2510 850 2541 seiner
870 2509 972 2541 durch
995 2508 1036 2540 L·
1055 2512 1091 2541 G.
1115 2510 1262 2541 Niebuhr
1284 2510 1496 2549 gefahrdeten

135 2563 233 2595 Ehre.
278 2565 380 2598 Bonn.
405 2565 493 2605 1829.

220 2625 249 2661 3)
271 2622 319 2656 Cf.
342 2623 540 2664 prooemium
562 2624 606 2656 ad
627 2633 710 2657 vers.
731 2633 833 2665 germ.
854 2634 932 2665 pag.
954 2624 1036 2658 1193
1058 2634 1105 2666 sq.
