1641 2866
787 190 837 228 25

132 315 208 354 niis
227 314 492 366 adiunguntur
505 318 545 354 et
563 314 693 354 Aetoli
713 318 753 353 et
767 313 911 364 Argivi,
931 325 1095 364 quorum
1108 311 1339 363 populorum
1349 309 1494 350 mentio

134 382 242 424 facta
268 385 330 423 est
355 384 396 423 in
422 382 634 423 Hellenicis
660 381 728 424 IV.
756 384 793 423 6.
823 382 885 423 14.
913 386 953 422 et
980 385 1014 420 7.
1043 382 1157 421 2—4.

259 452 366 500 Quae
393 452 441 491 de
467 464 565 502 pace
591 464 662 502 per
689 451 939 490 Antalcidam
968 450 1175 489 conciliata
1201 449 1242 488 in
1267 448 1493 488 laudatione

132 519 239 560 dicta
269 523 370 569 sunt,
398 532 515 570 quam
541 518 640 559 bene
653 531 742 558 cum
759 518 923 558 historia
940 517 1091 557 Graeca
1109 517 1351 565 conveniant,
1367 516 1494 567 quivis

132 586 301 635 videbit,
342 588 410 637 qui
435 586 527 625 libri
554 587 681 637 quinti
708 590 828 637 caput
854 587 1040 636 primum,
1074 588 1166 624 ante
1193 585 1323 623 omnia
1348 585 1404 635 ἐξ.
1433 586 1496 623 29.

132 655 298 695 32—34.
334 654 541 705 diligenter
578 655 873 705 comparaverit.
883 654 913 704 ¹)
966 652 1173 704 Expedit-io
1215 665 1332 703 porro
1359 655 1497 691 contra

131 722 323 763 Phliasios
351 726 544 773 suscepta,
573 722 641 773 qui
667 722 808 775 timore
835 722 1017 761 commoti
1045 721 1176 760 exules
1204 733 1244 760 se
1271 724 1497 770 recepturos

132 804 216 831 esse
242 791 411 842 polliciti
438 794 562 840 erant,
573 792 604 842 Β)
640 790 710 831 sed
735 803 812 830 non
841 793 1030 830 steterant
1058 790 1271 841 promissis,
1298 789 1340 828 in
1366 788 1496 828 Helle-

131 859 228 899 nicis
256 859 320 911 (V.
349 862 384 899 3.
415 859 599 912 10—17.)
626 860 777 910 pariter
804 860 982 909 exposita
1009 862 1080 897 est.

253 926 505 977 Paragrapho
541 926 760 977 insequenti
797 926 895 979 (22.)
936 925 1013 965 duo
1041 925 1213 975 Agesilai
1244 924 1386 963 itinera
1429 925 1497 963 ad-

131 1006 266 1033 versus
299 993 503 1033 Thebanos
538 994 643 1033 facta
684 994 817 1044 paucis
847 993 1086 1039 referuntur,
1124 992 1354 1042 quibuscum
1389 1004 1492 1030 com-

131 1061 329 1113 parandus
365 1064 426 1100 est
459 1060 674 1112 Xenophon
708 1061 749 1100 in
785 1061 996 1101 Hellenicis
1034 1061 1076 1101 V.
1105 1062 1142 1099 4.
1172 1061 1338 1101 34—49.
1394 1059 1491 1098 Tum

128 1130 277 1180 pergit,
316 1142 438 1179 usque
465 1130 515 1168 ad
542 1130 639 1168 illud
666 1134 821 1180 tempus
858 1130 994 1169 urbem
1034 1134 1074 1168 et
1107 1128 1330 1178 Agesilaum
1362 1128 1496 1166 felices

129 1197 249 1236 fuisse
276 1208 400 1246 neque
428 1196 696 1236 calamitatum
722 1201 859 1247 postea
887 1196 1151 1247 ingruentium
1178 1195 1334 1246 culpam
1353 1195 1394 1234 in
1413 1195 1494 1233 eius

128 1265 333 1315 imperium
381 1264 548 1303 conferri
587 1278 713 1315 posse.
777 1265 968 1303 Nimirum
1009 1264 1114 1315 apud
1149 1264 1444 1314 Xenophontem
1464 1264 1495 1314 ³)

129 1331 354 1382 Agesilaum
380 1344 450 1382 per
477 1335 605 1371 totum
622 1345 767 1372 annum
786 1333 895 1382 gravi
915 1332 1051 1372 morbo
1069 1332 1308 1371 laboravisse
1327 1331 1490 1382 legerat.

128 1400 199 1439 His
225 1399 341 1439 rebus
369 1400 540 1439 adversis
567 1401 707 1440 merito
732 1401 884 1449 silentio
913 1402 1151 1440 transmissis
1175 1399 1346 1439 breviter
1359 1412 1496 1438 narra-

132 1474 214 1516 tur,
252 1468 443 1520 quomodo
487 1468 689 1518 Agesilaus
729 1481 863 1508 necem
902 1469 1160 1519 Tegeatorum
1189 1479 1276 1506 cum
1302 1466 1497 1506 Lacedae-

131 1535 272 1574 moniis
299 1534 454 1575 foedere
482 1536 776 1576 coniunctorum
802 1537 908 1576 ultus
937 1537 998 1576 sit.
1032 1536 1155 1583 Quam
1182 1548 1264 1575 rem
1282 1534 1497 1585 Xenophon

131 1602 424 1641 accuratissime
452 1608 683 1653 exposuerat
709 1604 750 1641 in
776 1604 988 1643 Hellenicis
1027 1598 1091 1641 VI.
1122 1603 1203 1654 5⁹⁴)
1231 1602 1334 1641 unde
1361 1601 1494 1640 lauda-

131 1673 257 1708 torem
284 1683 355 1708 sua
381 1670 557 1709 hausisse
581 1671 622 1709 in
648 1674 833 1721 promptu
863 1675 934 1710 est.
971 1672 1055 1710 Iam
1081 1684 1160 1720 qua
1187 1671 1331 1708 virtute
1361 1669 1494 1719 Agesi-

129 1736 216 1776 laus
245 1736 380 1776 urbem
408 1736 457 1776 ab
484 1737 661 1776 hostibus
689 1742 728 1777 et
754 1738 932 1789 plurimis
960 1743 998 1777 et
1026 1738 1245 1778 fortissimis
1263 1736 1493 1784 defenderit,

130 1804 293 1855 singulis
325 1805 442 1844 huius
480 1807 719 1845 narrationis
755 1806 939 1845 membris
976 1820 1024 1846 ex
1061 1807 1228 1845 historia
1266 1805 1495 1855 conquisitis

130 1872 354 1913 summatim
381 1872 560 1913 refertur.
598 1874 727 1925 Atque
752 1874 925 1914 hostium
951 1874 1108 1915 nomina
1135 1877 1289 1914 exstant
1307 1874 1348 1913 in
1362 1872 1492 1913 Helle-

130 1942 230 1980 nicis
258 1942 322 1980 VI.
352 1945 387 1979 5.
416 1943 478 1982 23.
511 1943 557 1981 In
585 1945 617 1993 ξ.
646 1944 708 1983 28.
743 1944 886 1994 Sparta
914 1948 1054 1983 vocata
1080 1948 1139 1983 est
1166 1941 1395 1993 ἀτείχιστος.
1435 1943 1496 1981 Ex

130 2009 259 2061 capite
288 2011 429 2060 quarto
458 2009 629 2051 eiusdem
648 2011 747 2050 sexti
765 2010 857 2050 libri
875 2010 1057 2052 laudator
1077 2023 1307 2062 cognoscere
1325 2013 1493 2062 poterat,

81 2112 86 2118 ,
131 2081 228 2128 quot
262 2091 394 2128 pugna
440 2079 545 2129 apud
581 2079 749 2118 Leuctra
785 2079 892 2118 facta
927 2080 1121 2119 interfecti
1158 2083 1299 2118 essent.
1312 2079 1343 2130 ⁵)
1406 2078 1492 2116 Alia

129 2157 231 2195 quae
258 2144 421 2194 adiecit,
449 2147 659 2197 sumpsisse
685 2146 840 2186 videtur
867 2159 915 2186 ex
941 2147 1153 2186 Hellenicis
1179 2146 1266 2185 V11.
1295 2146 1330 2184 2.
1347 2148 1396 2192 2.,
1425 2145 1491 2183 ubi

127 2212 224 2254 haec
250 2213 450 2265 leguntur:
490 2213 710 2268 σφαλέντων
737 2211 773 2254 δ’
798 2212 923 2254 αὐτῶν
950 2214 990 2255 ἐν
1015 2218 1063 2267 τῇ
1090 2213 1130 2255 ἐν
1155 2211 1374 2267 Λεύκτροις
1388 2210 1496 2265 μάχῃ

126 2280 189 2319 καὶ
216 2278 465 2321 ἀποστάντων
490 2282 562 2331 μὲν
587 2282 740 2321 πολλῶν
765 2281 982 2335 περιοίκων,
1000 2279 1250 2321 ἀποστάντων
1277 2281 1321 2321 δὲ
1341 2278 1495 2320 πάντων

252 2396 276 2437 1)
296 2396 381 2437 Vide
401 2400 520 2437 tamen,
544 2404 626 2439 quae
647 2396 688 2429 de
708 2396 771 2429 hoc
792 2397 863 2429 loco
883 2397 971 2429 infra
992 2407 1024 2438 p.
1045 2397 1097 2430 51.
1119 2396 1264 2438 exposui.

254 2455 282 2496 ²)
303 2452 354 2489 ef.
374 2453 459 2488 Hell.
480 2453 521 2488 V.
549 2454 580 2489 2.
603 2454 653 2488 10.

250 2512 276 2552 ³)
297 2512 379 2544 Hell.
401 2512 441 2545 V.
462 2514 493 2545 4.
515 2512 564 2544 58.

250 2573 276 2607 4)
299 2569 372 2602 Huc
393 2569 531 2602 maxime
553 2570 718 2612 pertinent
739 2570 838 2603 verba
859 2569 909 2614 ξς.
932 2572 960 2603 9.
985 2570 1035 2603 21.

250 2628 276 2669 5)
296 2627 336 2661 V.
358 2627 387 2670 §-
409 2628 458 2660 15.
520 2659 525 2662 ,
