1641 2866
813 150 865 186 54

147 272 327 326 καρτερίᾳ
354 272 424 322 μὲν
451 269 678 326 πρωτεύων,
722 270 818 312 ἔνθα
843 276 976 312 πονεῖν
1001 268 1156 325 καιρός,
1190 268 1283 323 ἀλκῇ
1310 271 1376 319 δέ,
1416 268 1517 310 ὅπου

149 336 328 394 ἀνδρείας
355 337 474 392 ἁγών,
509 337 639 394 γνώμῃ
667 340 726 390 δέ,
755 337 857 380 ὅπου
883 341 1026 393 βουλῆς
1052 338 1173 394 ἔργον,
1185 340 1212 392 ¹)
1241 353 1347 390 quae.
1370 339 1517 390 sophis-

150 413 230 448 tam
275 409 399 448 multo
442 411 565 459 magis
606 410 768 455 decent,
809 423 926 460 quam
970 409 1285 459 Xenophontem,
1331 408 1369 445 in
1409 406 1517 445 cuius

151 476 307 528 scriptis
339 477 436 516 nihil
468 478 686 517 invenietur
725 478 907 529 similest)
955 478 1029 516 Hic
1056 477 1178 516 mirus
1207 476 1387 515 dictionis
1412 475 1517 514 color

150 546 269 584 etiam
306 545 393 584 aliis
430 545 525 583 locis
556 546 788 595 conspicuus
818 549 889 594 est,
914 545 1020 584 velut
1048 544 1114 584 VI.
1143 547 1178 585 5.
1207 543 1272 582 VI.
1302 545 1337 581 8.
1366 543 1450 582 VII.
1481 545 1515 580 7.

149 613 253 652 VIII.
274 616 306 654 1..
324 616 358 651 7.
386 613 452 653 ΙΧ.
475 617 508 650 7.
548 613 604 652 De
632 614 718 652 loco
746 627 830 664 cap.
860 613 906 652 X.
935 614 970 652 2.
1002 613 1054 651 M.
1070 613 1277 662 Hauptius‚
1308 612 1417 650 cuius
1434 624 1516 660 ego,

150 681 287 730 quanti
316 680 457 719 faciam
484 681 682 728 iudicium,
707 682 770 718 vix
798 693 898 729 queo
926 680 1066 727 dicere,
1096 679 1252 729 scripsit
1279 679 1393 717 haec:
1441 678 1518 721 Mit

149 747 355 798 richtigem
391 747 556 787 Gefiihle
591 748 685 787 fand
725 748 969 787 Valckenaer
997 748 1102 800 (zum
1129 747 1319 797 Hippolyt
1346 760 1379 786 V.
1410 746 1516 797 468.)

148 815 251 868 πρὸς
282 815 327 853 τὸ
363 813 494 866 ἀγαθοὶ
526 814 763 868 ἐργάζεσθαι
799 816 1072 866 ungeniigend‚
1101 816 1195 854 aber
1223 816 1328 853 seine
1357 814 1518 852 Vermu-

148 883 272 934 thung
299 882 401 936 πρὸς
428 883 470 922 τὰ
499 881 602 937 ὀρθὰ
629 881 866 937 ἐργάζεσθαι
892 883 990 923 trifft
1016 883 1115 922 wohl
1142 883 1250 923 nicht
1273 883 1342 922 das
1361 881 1516 921 Wahre.

110 956 112 959 ’
149 952 287 990 Dieses
322 952 476 991 scheint
509 952 611 1005 πρὸς
647 953 691 990 τὸ
719 950 852 1003 ἀγαθοὶ
882 949 974 1005 ἔργα
1001 948 1250 1004 ἐργάζεσθαι.
1297 952 1369 990 Die
1388 947 1519 1002 ἀγαθοὶ

150 1016 244 1070 ἔργα
270 1020 351 1058 und
379 1020 442 1060 die
470 1019 715 1072 ἀνδραγαθία
742 1021 879 1059 stehen
906 1033 948 1059 so
976 1021 1016 1058 in
1044 1020 1168 1058 einem
1196 1019 1431 1069 sophistisch
1454 1031 1518 1068 ge—

149 1087 311 1126 suchten
340 1087 593 1137 Gegensatze,
623 1102 719 1138 ganz
743 1088 844 1127 nach
870 1089 940 1126 der
969 1089 1040 1126 Art
1068 1087 1194 1125 dieses
1222 1087 1427 1139 Buches.³)

276 1154 376 1194 Sane
414 1155 510 1194 haec
543 1160 773 1195 ornamenta
802 1156 1017 1205 rhetorica,
1055 1155 1150 1195 baec
1178 1156 1357 1205 quaesita.
1384 1154 1517 1194 verbo·-

148 1235 233 1261 rum
260 1225 529 1269 commutatio,
557 1224 654 1262 haec
675 1223 859 1263 affectata
878 1224 1141 1263 membrorum
1163 1224 1386 1274 symmetria
1405 1223 1517 1262 valde

148 1289 374 1341 discrepant
413 1304 436 1329 a
470 1293 604 1331 nativa
632 1293 820 1332 sermonis
848 1293 1098 1343 simplicitate
1128 1295 1167 1331 et
1195 1305 1217 1330 a
1246 1295 1360 1341 grata
1387 1291 1515 1342 negle-

148 1360 299 1408 gentia,
328 1360 469 1408 quibus
498 1361 537 1397 in
566 1373 653 1399 vere
682 1361 973 1411 Xenophonteis
1002 1360 1183 1410 operibus
1212 1359 1423 1398 admodum
1452 1359 1518 1398 de-

147 1426 351 1468 lectamur.
406 1427 514 1467 Inter
558 1428 826 1479 Xenophontis
868 1428 1091 1468 defensores
1135 1428 1317 1476 fuerunt,
1363 1428 1428 1477 qui
1471 1430 1516 1466 ut

148 1495 289 1533 similia
324 1495 490 1534 artificia
524 1498 564 1534 in
601 1497 682 1535 eius
721 1497 878 1546 scriptis
917 1509 993 1535 non
1027 1509 1186 1546 prorsus
1219 1496 1352 1535 deesse
1388 1499 1515 1534 osten-

147 1561 296 1611 derent,
325 1563 479 1602 Prodici
508 1565 771 1603 narrationem
794 1564 1058 1603 infelicissime
1078 1567 1363 1614 compararent,
1391 1563 1515 1602 infeli-

148 1630 301 1669 cissime
329 1630 428 1678 dico,
458 1644 548 1669 nam
576 1631 630 1670 ibi
658 1645 706 1670 ex
733 1632 928 1670 industria
954 1631 1169 1680 Xenophon
1189 1631 1405 1680 sophistam
1430 1632 1516 1668 imi-

146 1699 254 1735 tatus
283 1700 355 1735 est.
411 1698 515 1736 Bene
554 1698 601 1736 de
636 1698 709 1737 hoc
745 1698 829 1737 loco
868 1698 1022 1737 locutus
1057 1702 1118 1736 est
1152 1699 1216 1738 Fr.
1251 1699 1296 1737 Α.
1333 1697 1512 1736 Wolfius:

147 1764 192 1803 In
217 1764 465 1815 Xenophon's
495 1766 789 1806 Memorabilien
818 1768 852 1806 2.
884 1768 918 1805 1.
948 1769 1009 1807 21.
1038 1767 1187 1806 kommt
1214 1767 1276 1805 ein
1294 1766 1414 1805 Stiick
1440 1779 1513 1805 von

146 1831 336 1871 Prodicus
373 1846 458 1872 vor:
495 1833 564 1872 der
599 1834 843 1884 Scheideweg
871 1835 938 1873 des
965 1834 1173 1883 Hercules,
1214 1848 1271 1873 wo
1299 1834 1514 1885 Xenophon

145 1913 186 1939 es
222 1913 323 1940 zwar
356 1901 394 1941 in
432 1903 537 1941 scine
576 1903 726 1943 Manier
763 1903 1049 1943 verschmolzen
1074 1904 1144 1943 hat
1154 1937 1163 1951 ,.
1208 1903 1304 1943 aber
1331 1903 1431 1942 doch
1457 1915 1513 1950 so,

146 1969 235 2008 dass
270 1982 361 2008 man
389 1970 463 2009 den
494 1972 716 2023 Sophisten,
751 1973 856 2011 seine
886 1972 1096 2011 Scho'nheit
1123 1972 1203 2011 und
1231 1973 1361 2011 seinen
1391 1971 1512 2011 Glanz

146 2036 405 2077 durchsieht.“
420 2039 453 2090 4)
509 2041 586 2079 Alii
614 2041 803 2079 orationis
833 2040 1134 2079 conformandae
1161 2041 1351 2080 rationem
1380 2040 1513 2091 aliquo

145 2105 285 2144 saltem
322 2106 437 2146 modo
474 2107 629 2148 differre
658 2108 894 2156 concedunt,
934 2108 1003 2146 sed
1029 2108 1130 2147 hanc
1157 2108 1513 2148 dissimilitudinem

145 2184 190 2211 ex
232 2176 317 2212 tota
359 2174 482 2213 libelli
517 2180 661 2215 natura
696 2176 793 2215 satis
828 2176 1015 2227 explicari
1058 2179 1229 2216 censent,
1284 2175 1370 2215 Non
1398 2178 1512 2226 enim,

143 2240 337 2290 inquiunt,
373 2246 572 2283 strenuam
600 2257 730 2283 rerum
758 2244 962 2284 historiam
990 2245 1158 2296 scriptor
1188 2244 1415 2295 composuit,
1444 2245 1513 2284 sed

145 2309 426 2359 laudationem,
456 2324 556 2360 quae
584 2312 635 2352 ad
663 2325 784 2362 genus
813 2314 1028 2353 oratorium
1055 2314 1236 2363 pertinet.
1278 2312 1405 2360 Quare
1433 2326 1512 2352 ser-

272 2417 295 2456 1)
322 2415 368 2448 Cf.
391 2416 454 2457 Ag.
476 2416 518 2450 X.
539 2417 568 2448 1.

268 2472 295 2512 ²)
318 2473 438 2506 Adnot.
460 2473 502 2505 ad
524 2473 644 2505 Herod.
667 2474 723 2506 IX.
747 2474 796 2507 27.

267 2532 294 2571 ³)
317 2530 366 2563 Cf.
391 2530 589 2564 Schneidew.
613 2530 728 2565 Philol.
753 2530 842 2565 1848.
863 2541 896 2574 p.
918 2531 988 2565 546.

268 2594 292 2627 ⁴)
316 2588 364 2623 Cf.
388 2589 505 2623 Gesch.
526 2590 585 2622 der
607 2590 728 2631 griech.
751 2589 885 2623 Literat.
911 2590 959 2623 ed.
983 2591 1009 2624 1.
1031 2590 1071 2624 D.
1093 2590 1235 2625 Gurtler.
1260 2601 1291 2633 p.
1313 2590 1384 2624 295.
