1641 2866
782 150 828 189 13

127 272 216 310 nica
239 285 289 310 an
315 273 366 311 ad
386 273 650 312 laudationem
682 276 851 324 scriptor
877 275 1123 324 spectaverit.
1157 274 1279 313 Immo
1306 287 1353 312 ex
1376 287 1487 313 voca-

126 337 247 377 bulis:
279 342 415 391 μακρῷ
445 338 583 390 βιβλίῳ
619 340 724 380 haud
760 342 840 380 scio
882 354 933 380 an
972 341 1111 379 coniici
1148 342 1285 390 liceat,
1322 354 1486 391 magnae

127 407 258 456 potius
293 407 479 446 historiae
514 408 703 456 Graecae,
745 421 862 458 quam
899 408 1020 447 libelli
1048 409 1171 447 nostri
1198 422 1223 447 a
1249 409 1486 448 Themisthio

127 474 317 513 rationem
335 474 516 518 ,habitam
543 488 639 515 esse.
1109 525 1114 528 ᾖ

252 542 417 588 Quintus
458 544 603 582 citatur
628 544 740 581 testis
767 543 961 593 Diogenes
990 544 1188 591 Laertius,
1230 545 1339 583 tertii
1366 546 1487 584 seculi

127 609 296 659 scriptor
314 610 531 659 neglegens,
553 611 662 648 cuius
680 610 896 649 afferuntur
913 610 1051 649 verba:
1085 609 1331 663 „Evve'ygmtpe
1344 611 1487 663 (Xeno-

127 677 248 728 phon)
278 674 504 730 Ἀγησίλαόν
528 691 572 716 τε
602 678 666 718 καὶ
695 675 912 731 Ἀθηναίων
937 677 999 717 καὶ
1029 677 1350 728 Λακεδαιμονίων
1375 679 1487 718 πολι-

126 744 243 794 τείαν,
273 742 317 797 ἣν
344 757 461 798 φησιν
487 743 556 784 οὐκ
582 741 681 785 εἶναι
707 746 956 799 Ξενοφῶντος
983 746 1005 784 ὁ
1034 743 1196 799 Μάγνης
1224 744 1483 800 Δημήτριος.“

129 813 197 864 (ΙΙ.
224 814 304 864 57.)
345 814 421 853 Sed
454 819 498 853 ut
524 815 658 853 multis
685 815 774 853 aliis
801 816 919 862 locis,
959 816 1018 853 ita
1043 815 1117 854 hoc
1144 827 1298 864 quoque
1326 815 1489 865 Diogeni

126 881 243 921 fidem
261 882 526 932 abrogandam
553 895 638 921 esse
665 884 743 922 iam
760 883 979 922 Roscherus
994 884 1024 933 1)
1053 886 1093 921 et
1110 882 1311 921 Platenius
1324 882 1356 934 ²)
1384 882 1491 921 lucu-

127 950 253 988 lenter
279 949 642 989 demonstraverunt
677 963 802 999 neque
829 963 900 1000 ego
928 950 1085 1000 quidem
1114 950 1328 999 quidquam
1353 950 1489 996 habeo,

129 1017 233 1068 quod
260 1017 481 1056 addendum
507 1030 592 1056 esse
618 1018 808 1058 videatur.

253 1085 337 1123 Iam
364 1085 537 1123 venimus
564 1085 616 1123 ad
642 1084 907 1133 Plutarchum,
936 1086 1003 1134 qui
1030 1085 1072 1123 in
1100 1086 1182 1124 vita
1210 1086 1381 1136 Agesilai
1409 1098 1433 1124 a
1452 1099 1491 1124 se

130 1153 350 1203 conscripta
384 1151 621 1192 laudationis
649 1156 849 1192 auctorem
865 1184 874 1202 ,
914 1165 1027 1203 quem
1056 1153 1098 1191 in
1124 1153 1240 1192 rebus
1264 1153 1492 1193 enarrandis

129 1223 369 1272 plerumque,
397 1221 590 1260 inverbis
619 1222 805 1271 eligendis
833 1235 949 1271 saepe
978 1223 1164 1271 sequitur,
1195 1222 1489 1271 Xenophontem

129 1290 317 1330 nominat,
347 1289 447 1342 (cap.
475 1289 594 1339 ΧΙΧ.)
623 1289 780 1327 Minime
808 1289 965 1338 quidem
994 1289 1088 1326 mihi
1116 1288 1306 1338 probatur
1333 1290 1492 1339 iniquis-

133 1358 270 1395 simum
306 1358 355 1396 de
388 1358 462 1395 hoc
490 1358 679 1406 scriptore
707 1357 892 1394 iudicium
922 1357 1132 1404 Mitfordil,
1161 1358 1228 1406 qui
1255 1362 1300 1395 ut
1326 1370 1417 1396 suas
1444 1357 1492 1395 de

131 1423 322 1475 Philippo,
351 1424 621 1471 Demosthene,
653 1424 836 1474 Dionysio
864 1424 1028 1473 aliisque
1057 1429 1263 1474 conceptas
1291 1424 1492 1474 opiniones

130 1491 359 1531 confirmare
385 1496 531 1542 posset,
558 1493 726 1541 primum
755 1492 955 1530 Plutarchi
979 1493 1255 1530 auctoritatem
1274 1492 1491 1541 deprimere

130 1560 292 1608 studuit,
319 1560 516 1598 interdum
545 1565 673 1599 tamen
702 1561 737 1598 ei
765 1572 836 1610 pro
854 1560 1024 1598 humana
1044 1559 1312 1598 imbecillitate
1331 1560 1492 1615 aetatis-

130 1643 205 1680 que
233 1628 453 1668 conditione
481 1630 621 1675 evenit,
648 1633 693 1666 ut
719 1629 759 1667 in
785 1628 982 1667 nonnullis
1009 1618 1142 1677 lapsus
1166 1629 1231 1674 sit,
1257 1629 1489 1677 praesertim

130 1710 247 1746 quum
282 1697 453 1746 singulos
482 1696 732 1745 scriptorum,
772 1709 869 1745 quos
896 1696 1015 1734 duces
1042 1695 1117 1733 sibi
1145 1695 1331 1744 sumpsit,
1371 1695 1491 1734 libros

129 1776 285 1804 severae
312 1776 497 1803 censurae
523 1776 600 1802 non
627 1762 858 1813 subiiceret,
897 1763 966 1803 sed
992 1763 1259 1813 acquiesceret
1284 1763 1326 1801 in
1353 1775 1419 1811 eo,
1448 1768 1492 1801 ut

129 1841 230 1878 quae
271 1828 346 1878 ipsi
385 1827 605 1878 probabilia
654 1827 900 1875 viderentur,
942 1841 989 1867 ea
1026 1829 1226 1868 exhiberet
1266 1831 1488 1870 lectoribus.

130 1896 259 1942 Quare
285 1895 512 1946 diligentiae
539 1899 657 1946 atque
685 1896 886 1935 doctrinae
912 1896 1068 1935 laudem
1098 1898 1133 1935 ei
1158 1898 1273 1936 facile
1292 1899 1490 1946 concedes,

128 1968 260 2003 tamen
286 1965 321 2003 si
347 1964 395 2003 de
421 1965 564 2004 iudicio
592 1965 728 2004 critico
755 1978 939 2015 quaeres,
969 1973 1083 2004 erunt
1109 1965 1231 2015 forte,
1259 1978 1359 2016 quae
1386 1971 1491 2005 recte

129 2032 337 2070 desideres.
376 2032 438 2071 Sic
465 2033 688 2082 aequalium
714 2033 945 2071 sententiam
974 2036 1131 2070 secutus
1159 2046 1237 2071 non
1264 2034 1389 2071 solum
1407 2046 1493 2083 sep-

128 2099 275 2149 timam,
304 2099 373 2140 sed
400 2100 518 2141 etiam
546 2104 726 2153 quartam
753 2100 929 2140 Platonis
949 2100 1156 2151 epistolam
1175 2098 1393 2152 genuinam'
1406 2114 1491 2142 esse

130 2172 261 2206 censet
295 2181 421 2217 neque
460 2169 507 2207 de
535 2169 745 2207 Alexandri
773 2169 907 2218 Magni
935 2169 1123 2218 epistolis,
1151 2182 1252 2218 quae
1280 2183 1327 2207 ex
1355 2170 1490 2208 eadem

128 2235 330 2276 rhetorum
353 2235 517 2286 officina,
542 2249 621 2287 qua
642 2236 859 2288 Agesilaus,
886 2236 993 2276 haud
1009 2235 1125 2277 dubie
1144 2236 1384 2288 prodierunt,
1411 2237 1491 2278 ullo

128 2304 244 2343 modo
272 2304 520 2354 dubitavit.³)
534 2321 546 2356 ἐ
561 2305 706 2343 Verum
735 2305 810 2344 hoc
837 2305 956 2344 fuisse
983 2307 1128 2343 aetatis
1155 2306 1297 2354 potius,
1324 2319 1403 2355 qua
1420 2306 1490 2345 flo-

256 2422 281 2459 1)
305 2419 359 2453 cf.
381 2419 522 2461 Ephem.
543 2419 690 2461 Gotting.
715 2419 804 2453 1841.
825 2431 858 2462 p.
879 2420 953 2453 410.

253 2476 281 2515 2)
301 2476 351 2508 De
377 2479 510 2508 anctore
537 2476 611 2508 libri
632 2477 883 2518 Xenophontei‚
913 2477 969 2518 qui
991 2481 1040 2509 est
1062 2478 1103 2509 de
1124 2478 1292 2520 republica
1313 2478 1492 2513 Athenien-

129 2534 210 2568 sium
232 2534 261 2577 ξ.
284 2535 312 2568 1.

253 2592 281 2631 ⁸)
303 2591 351 2623 cf.
360 2591 526 2625 Plutarchi
542 2602 642 2633 opera
654 2592 709 2626 IV.
718 2604 749 2634 p.
761 2595 810 2625 17.
821 2595 871 2627 18.
881 2597 932 2627 41.
943 2594 980 2626 V.
990 2595 1102 2635 p.269.
1111 2595 1188 2628 edit.
1197 2595 1492 2630 Reisk.et11utten.
