1641 2866
784 150 832 186 41

125 271 278 312 videtur
313 270 472 311 dubium
485 303 498 319 ,
537 272 655 324 immo
691 285 782 311 vero
822 271 1043 322 negandum
1074 273 1136 309 est
1171 270 1326 310 omnino
1342 300 1351 317 ‚
1390 269 1488 308 illud

125 335 392 391 ἀναμάρτητος
417 339 573 390 proprie
600 351 690 378 eum
714 339 942 390 significare,
972 339 1040 389 qui
1057 337 1154 377 nihil
1179 337 1316 377 fecerit
1333 338 1486 377 iniuste.

126 408 179 447 Et
211 406 284 446 hoc
323 406 562 446 laudationis
600 406 686 446 loco
721 411 761 446 et
796 406 891 446 alibi
903 406 933 459 ²)
966 407 1116 446 nullum
1149 406 1267 446 alium
1295 406 1488 457 significat

107 476 201 515 vnisi
234 488 338 525 eum,
374 475 441 524 qui
474 475 630 514 omnino
656 488 734 514 non
761 475 937 525 peccavit
962 488 1088 524 neque
1115 474 1187 513 ulli
1212 474 1401 513 obnoxius
1428 477 1488 512 est

124 544 297 593 peccato,
326 554 446 591 quare
474 532 702 592 simpliciter
728 545 807 581 est:
836 542 917 581 sine
945 543 1051 590 vitio,
1081 541 1180 581 ohne
1207 541 1316 580 Fehl.
1332 541 1363 593 ²)
1410 541 1487 579 Ita-

125 622 200 660 que
233 608 361 648 verbis
397 609 494 658 illis,
531 622 631 660 quae
668 610 715 650 in‘
734 609 900 650 historia
926 609 1078 650 Graeca
1102 609 1127 649 l.
1156 622 1189 649 c.
1216 609 1485 649 inveniuntur:

125 676 204 729 ὁρῶ
229 675 302 729 γὰρ
327 679 403 715 τῶν
428 673 646 729 ἀνθρώπιον
672 674 809 717 οὐδένα
834 674 1100 730 ἀναμάρτητον
1125 677 1373 715 διατελοῦντα
1401 677 1487 716 Cal-

125 745 302 784 listratus
321 744 571 795 Aphidnaeus
590 759 631 785 se
649 746 875 785 mortalium
896 746 1088 784 neminem
1107 745 1204 784 dicit
1224 745 1308 784 sine
1325 746 1486 794 peccato

124 811 228 850 vitae
268 824 424 850 cursum
461 811 725 851 conficientem
754 812 908 851 videre.⁴
949 812 1008 851 Ea
1036 813 1175 862 igitur,
1203 824 1319 861 quam
1345 811 1485 849 indica-

124 879 261 928 vimus,
288 879 393 918 illius
419 879 597 919 vocabuli
623 881 682 919 vis
710 881 743 918 si
762 881 873 919 unice
892 893 984 919 vera
1003 884 1074 928 est,
1101 880 1198 919 nihil
1216 879 1358 927 valent,
1386 891 1485 929 quae

123 946 445 986 Breitenbachius
472 947 606 987 affert:
641 949 817 998 „qualem
844 948 928 987 fieri
950 948 1156 987 mortalem
1183 948 1378 986 hominem
1407 959 1488 985 om-

125 1015 217 1056 nino
243 1028 442 1067 nunquam
472 1020 618 1068 posse.“
678 1017 854 1069 Denique
880 1017 1075 1057 hominem
1104 1015 1263 1056 doctum
1291 1015 1486 1067 explicare

124 1084 288 1123 oblitum
321 1097 405 1124 esse
443 1086 575 1133 doleo,
608 1098 686 1136 quo
718 1087 803 1125 iure
839 1086 976 1124 verba:
1011 1087 1098 1135 „qui
1126 1085 1220 1123 nihil
1248 1097 1326 1123 non
1352 1087 1481 1122 recte“

123 1152 351 1203 simpliciter
378 1152 665 1194 confundantur
690 1153 785 1193 illis:
818 1154 906 1204 „qui
932 1152 1028 1193 nihil
1054 1153 1196 1193 iniuste
1209 1151 1340 1192 fecit“.
1377 1151 1485 1191 Haec

124 1221 261 1271 opinor
286 1222 568 1274 machinaest,
609 1235 687 1261 non
714 1223 906 1261 sincerum
933 1234 1025 1260 vera
1051 1220 1270 1271 reperiendi
1297 1220 1484 1267 studium,

124 1287 224 1327 hanc
251 1287 509 1338 persuadendi
536 1288 728 1328 rationem
756 1302 875 1339 quam
901 1288 1067 1328 maxime
1097 1287 1285 1339 improbo.
1326 1286 1399 1327 Sed
1422 1286 1486 1325 fac

127 1356 328 1406 paulisper
353 1357 410 1395 ita
439 1370 535 1405 esse,
564 1361 609 1396 ut
634 1357 956 1396 Breitenbachius
983 1356 1171 1395 declarat.
1211 1356 1347 1395 Nonne
1365 1356 1486 1406 igitur

121 1423 264 1463 iniuste
303 1423 396 1463 fecit
423 1425 655 1476 Agesilaus?
694 1425 831 1465 Nonne
861 1424 1092 1476 Sphodriam
1119 1424 1378 1472 har-mosten,
1418 1425 1486 1475 qui

121 1505 146 1531 a
172 1491 366 1531 Thebanis
399 1497 605 1543 corruptus
640 1495 680 1532 in
707 1494 879 1532 Atticam
907 1498 990 1532 tum
1018 1493 1304 1532 Lacedaemoni
1330 1492 1484 1531 foedere

122 1559 368 1599 coniunctam
395 1560 613 1611 irruperat,
657 1560 890 1600 Archidamo
914 1559 995 1600 filio
1023 1559 1257 1610 deprecante
1284 1572 1354 1600 suo
1381 1559 1484 1599 arbi-

119 1629 229 1666 tratu
255 1627 296 1665 in
321 1627 546 1667 libertatem
573 1628 794 1675 vindicavit,
824 1641 1062 1677 quamquam
1088 1629 1154 1667 ille
1181 1627 1232 1666 ab
1259 1628 1415 1678 ephoris
1444 1629 1482 1666 in

122 1694 307 1734 iudicium
337 1695 476 1746 capitis
504 1698 664 1741 vocatus
691 1696 846 1748 erat?³)
876 1698 927 1735 At
953 1695 1019 1734 diu
1039 1696 1186 1735 restitit
1205 1695 1293 1735 rex!
1322 1695 1484 1734 Restitit

120 1776 234 1812 sane,
273 1768 316 1802 at
349 1763 389 1802 in
428 1764 642 1803 resistendo
677 1777 755 1804 non
771 1795 780 1812 ‚
821 1769 866 1803 ut
893 1764 1029 1803 debuit
1043 1795 1052 1811 ,
1095 1765 1369 1814 perseveravit.
1424 1764 1485 1803 Ad

118 1833 361 1881 postremum
395 1831 496 1870 enim
528 1831 638 1882 pueri
673 1831 864 1870 carissimi
891 1831 1072 1882 precibus
1097 1831 1289 1871 adductus
1316 1834 1376 1870 est
1390 1862 1399 1879 ,
1440 1835 1485 1871 ut

118 1912 197 1939 non
215 1900 339 1938 solum
360 1899 653 1938 Atheniensium
679 1900 767 1938 iura
784 1900 1019 1950 neglegeret,
1048 1913 1181 1939 verum
1206 1900 1325 1939 etiam
1343 1899 1482 1938 civium

117 1966 223 2017 leges
250 1967 425 2006 violaret.
480 1967 542 2006 En
569 1967 762 2018 duplicem
792 1967 961 2018 Agesilai
988 1968 1233 2007 iniustitiam.

244 2035 371 2082 Quid?
401 2035 506 2085 quod
532 2036 827 2074 iniustissimam
855 2035 1048 2075 Cadmeae
1066 2037 1168 2075 arcis
1188 2038 1481 2086 occupationem

117 2114 188 2153 per
220 2102 342 2142 alium
376 2103 521 2143 factam
556 2102 891 2156 comprobavit?⁴)
950 2104 1002 2142 At
1029 2102 1378 2155 comprobaverunt
1405 2117 1482 2142 una

117 2183 204 2211 cum
241 2184 287 2211 eo
321 2184 452 2211 omnes
485 2172 793 2217 Lacedaemonii,
821 2172 1058 2222 simulatque
1084 2173 1378 2220 intellexerunt,
1407 2174 1483 2212 uti-

115 2237 306 2278 lissimum
349 2251 433 2280 esse
471 2239 571 2279 illud
609 2238 829 2279 Phoebidae
869 2239 1017 2279 factum
1055 2239 1304 2291 reipublicae.
1374 2239 1482 2279 Haec

242 2418 267 2460 1)
288 2416 338 2451 Cf.
361 2416 458 2459 Ages.
480 2416 538 2451 VI.
559 2416 589 2450 7.
632 2416 748 2460 Cyrop.
769 2417 825 2450 111.
851 2420 877 2452 1.
899 2417 951 2452 27.

238 2477 268 2513 ²)
290 2474 340 2509 Cf.
361 2475 520 2509 Thesaur.
542 2484 648 2517 graec.
670 2476 750 2517 ling.
771 2476 821 2508 ed.
843 2477 884 2509 H.
907 2476 1067 2518 Stephan.
1089 2487 1120 2518 p.
1143 2477 1214 2509 455.

239 2533 266 2573 ³)
288 2531 337 2565 Cf.
358 2531 443 2564 Hell.
464 2532 508 2565 V.
529 2534 560 2565 4.
580 2532 630 2565 25.
654 2541 704 2574 sq.

237 2590 265 2631 4)
289 2588 337 2624 Cf.
359 2589 446 2625 Hell.
465 2590 505 2624 V.
527 2589 560 2625 2.
580 2589 622 2624 25
643 2599 694 2634 sq.
