1641 2866
752 165 804 205 31

103 299 188 324 nem
227 287 485 326 admiratione
520 288 676 338 dignam
714 289 895 328 habuisse
929 291 1115 338 puerique
1152 289 1339 327 carissimi
1372 302 1454 339 pro-

102 354 267 393 fectione
301 356 409 404 gravi
442 355 624 394 affectum
665 370 748 395 esse
791 357 935 395 dolore.
954 358 983 406 ¹)
1037 356 1137 394 Num
1178 356 1280 395 forte
1315 357 1375 395 his
1402 358 1460 396 in-

102 421 210 459 nisus
258 422 431 472 sophista
477 423 556 460 alia
603 422 787 461 finxerit?
835 424 927 461 Fuit
967 427 1071 461 certe
1111 427 1221 462 aetas
1261 428 1301 462 et
1340 437 1460 475 genus

103 489 349 539 scriptorum,
379 492 446 540 qui
473 490 556 529 solo
584 490 805 530 delectandi
832 491 963 530 studio
992 491 1099 530 ducti
1126 506 1183 537 ea,
1213 506 1312 542 quae
1325 506 1460 532 narra-

102 561 202 606 rent,
229 558 430 609 fingerent.
485 559 557 597 His
584 558 828 599 laudatorem
854 559 1186 599 annumerandum
1214 573 1295 599 esse
1313 564 1358 599 ut
1380 574 1461 600 cre-

103 625 203 673 dam,
232 639 277 665 eo
304 627 548 676 potissimum
575 629 759 674 adducor,
790 629 894 677 quod
921 628 1028 666 nullo
1055 628 1169 666 modo
1188 629 1282 666 mihi
1304 641 1463 677 persua-

103 692 194 730 dere
234 706 408 743 possum,
450 695 692 744 Agesilaum,
734 695 927 734 hominem
955 695 1313 744 prudentissimum,
1353 695 1394 734 in
1420 708 1462 733 re

103 764 183 797 tam
220 761 348 808 exigui
375 763 558 799 momenti
585 763 682 800 talia
708 764 946 801 hariolatum
974 775 1070 808 esse,
1095 762 1228 811 qualia
1254 762 1318 800 hic
1343 761 1460 799 habe-

104 839 207 864 mus:
242 823 287 864 οὐ
313 826 367 864 τιὰ
394 824 481 878 σιώ,
516 825 598 866 ωὖὸ’
626 827 662 867 εἰ
688 828 870 879 μέλλοιμί
897 842 939 880 γε
966 826 1104 868 αὐτίκα
1130 825 1237 878 μάλα
1261 825 1464 875 κάλλιστός

103 907 145 931 τε
169 895 234 933 καὶ
260 892 513 946 ἰσχυρότατος
537 897 601 934 καὶ
628 893 808 945 τάχιστος
820 894 1037 949 ἀνθρώπιον
1052 894 1229 935 ἔσεσθαι·
1266 893 1465 946 μάχεσθαι’

103 975 146 1013 γε
171 961 301 1011 μέντοι
327 961 445 1002 πάλιν
469 963 537 1016 τὴν
562 961 680 1016 αὐτὴν
705 961 832 1016 μάχην
859 960 1003 1014 ὄμνυμι
1027 960 1175 1010 πάντας
1197 962 1317 1010 θεοὺς
1345 959 1368 1016 ἦ
1389 962 1465 1015 μὴν

103 1031 247 1080 μᾶλλον
278 1028 490 1080 βούλεσθαι
527 1029 551 1083 ἢ
582 1030 708 1071 πάντα
740 1046 810 1081 μοι
837 1030 911 1071 ὅσα
934 1036 1058 1084 χρυσᾶ
1083 1032 1274 1080 γενέσθαι.
1329 1033 1465 1070 Nonne

104 1097 174 1135 hos
202 1099 390 1136 clamores
417 1099 700 1149 imprudentem
729 1104 779 1147 et,
808 1107 852 1137 ut
879 1100 935 1138 ita
954 1099 1094 1147 dicam,
1115 1099 1328 1138 fanaticum
1344 1098 1465 1136 homi-

106 1178 191 1203 nem
218 1167 343 1215 magis
370 1165 505 1205 decere
523 1171 652 1217 putas,
681 1180 798 1217 quam
818 1181 952 1206 sanum
975 1167 1222 1216 sobriumque
1238 1167 1429 1205 Laconem
1445 1166 1464 1203 ?

106 1232 254 1270 Deinde
277 1236 541 1272 narrationem
558 1235 748 1272 mendacii
766 1236 930 1283 speciem
946 1248 1040 1283 prae
1055 1247 1095 1271 se
1109 1234 1210 1271 ferre
1224 1233 1343 1280 vides,
1362 1233 1464 1282 quod

45 1314 48 1317 ·
105 1313 190 1339 eam
222 1313 349 1340 veram
372 1314 456 1341 esse
484 1306 689 1353 tantopere
714 1302 965 1341 confirmatur
993 1307 1031 1341 et
1057 1303 1113 1341 ita
1133 1300 1395 1348 confirmatur,
1421 1304 1466 1339 ut

105 1368 178 1406 sibi
196 1370 279 1418 ipse
302 1370 468 1419 scriptor
493 1374 693 1420 repugnet.
723 1371 821 1408 Nam
844 1370 911 1408 ubi
930 1372 1097 1420 primum
1121 1370 1219 1408 hanc
1234 1382 1316 1407 rem
1329 1370 1465 1418 paucis

105 1439 258 1475 tantum
284 1441 419 1476 notam
446 1450 528 1477 esse
556 1438 675 1485 dixit,
705 1439 836 1477 statim
866 1438 999 1485 addit,
1028 1438 1239 1476 illustrium
1268 1437 1464 1475 hominum

104 1517 166 1543 res
194 1505 361 1543 omnium
391 1505 546 1543 minime
576 1506 699 1544 latere
710 1507 741 1557 ²)
775 1519 900 1555 neque
929 1506 1141 1544 Graeciam
1164 1506 1332 1555 Agesilai
1360 1506 1460 1543 facta

105 1571 285 1621 dictaque
313 1573 503 1621 ignorare.
543 1573 673 1622 Neque
700 1574 826 1611 minus
855 1572 987 1615 verba:
1024 1570 1082 1610 ἀεὶ
1113 1571 1156 1610 δὲ
1184 1568 1227 1624 ἦν
1254 1570 1278 1624 ἢ
1304 1571 1345 1610 ἐν
1371 1571 1466 1624 ἱερῷ

103 1636 129 1691 ἢ
156 1636 196 1678 ἐν
222 1642 377 1692 φανερῷ
408 1641 455 1678 iis
487 1645 725 1690 repugnant,
755 1654 854 1691 quae
881 1642 921 1679 in
948 1642 1074 1691 capite
1103 1641 1166 1679 VI.
1196 1644 1232 1680 6.
1260 1641 1463 1690 leguntur:

104 1705 287 1752 πολλάκις
313 1703 455 1758 ἄδηλος
480 1704 712 1757 γιγνόμενος,
741 1705 843 1745 ὅπου
867 1721 910 1745 τε
936 1708 997 1758 εἴη
1022 1707 1083 1745 καὶ
1114 1704 1208 1746 ὅποι
1234 1708 1288 1746 ἰὀι
1313 1707 1378 1745 καὶ
1392 1703 1462 1755 ὅ,τι

105 1771 275 1826 ποιήσοι.
336 1775 437 1812 Num
475 1776 561 1824 quis
597 1779 676 1822 est,
715 1776 782 1824 qui
816 1775 1110 1824 Xenophontem
1138 1775 1235 1813 talia
1262 1775 1462 1819 admisisse

47 1870 51 1874 -
106 1841 249 1879 audeat
276 1841 433 1880 dicere?
463 1842 538 1880 Sed
557 1846 601 1879 ut
619 1842 720 1880 unde
748 1843 908 1880 recessit
927 1842 1066 1889 oratio,
1096 1854 1140 1879 eo
1157 1845 1388 1886 revertatur,
1414 1840 1464 1879 ad

106 1913 223 1959 caput
250 1907 316 1949 VI.
343 1908 657 1960 perlustrandum
687 1913 943 1949 transeamus.
1315 1905 1320 1909 ⁵

231 1977 322 2028 Cap.
344 1977 410 2016 VI.
437 1978 621 2016 Bellica-m
650 1977 820 2028 Agesilai
842 1977 1110 2016 fortitudinem
1125 1981 1243 2027 atque
1263 1977 1465 2015 scientiam

106 2046 272 2096 scriptor
293 2047 451 2085 summis
476 2045 588 2085 effert
614 2045 806 2094 laudibus,
835 2058 999 2095 quarum
1021 2046 1206 2084 virtutum
1237 2048 1466 2094 argumenta

107 2126 154 2151 ex
194 2114 268 2160 iis,
314 2127 412 2163 quae
456 2114 614 2165 suprass)
663 2118 821 2162 auctore
860 2112 1114 2162 Xenophonte
1161 2115 1323 2151 narrata
1363 2115 1464 2159 sunt,

107 2182 281 2231 sumpsit.
312 2182 387 2220 Sed
414 2195 478 2220 eas
506 2181 680 2231 quoque,
709 2194 806 2230 quas
833 2180 1089 2230 interposuit,
1119 2180 1331 2218 sententias
1353 2179 1466 2229 phra-

106 2261 243 2298 sesque
270 2262 449 2299 magnam
478 2253 629 2300 partem
657 2262 704 2287 ex
730 2248 863 2288 eodem
892 2248 1014 2295 fonte,
1055 2248 1126 2285 nisi
1155 2247 1286 2293 fallor,
1315 2246 1464 2285 servilis

111 2317 340 2367 compilator
373 2317 516 2356 hausit.
569 2317 676 2356 Inter
710 2316 790 2355 alia.
817 2316 1106 2366 comparatione
1133 2315 1299 2353 maxime
1327 2313 1466 2363 dignae

236 2425 259 2464 1)
280 2423 407 2457 Hellen.
428 2423 482 2455 IV.
506 2424 535 2455 1.
557 2423 586 2453 6.
610 2425 643 2453 et
663 2420 714 2453 28.

231 2482 258 2522 2)
279 2480 397 2513 Nescio
427 2489 468 2513 an
498 2479 562 2512 huc
591 2478 752 2520 pertineat
780 2477 869 2510 locus
893 2477 1013 2519 Cyrop.
1036 2478 1060 2509 Ι.
1081 2477 1108 2509 6.
1133 2476 1189 2509 25:
1218 2475 1362 2524 ἄρχοντα
1388 2475 1465 2511 εἰδέ-

108 2553 171 2580 ναι,
196 2538 247 2574 ὅτι
270 2538 309 2574 οὐ
335 2538 501 2581 λανθάνει,
525 2537 589 2579 ὅ,τι
614 2535 652 2572 ἂν
680 2533 774 2583 ποιῇ.

231 2602 259 2641 3)
280 2600 319 2632 V.
342 2610 412 2641 cap.
436 2600 463 2632 Ι.
486 2599 537 2632 17.
557 2599 599 2632 ΙΙ.
621 2599 670 2630 12.
