1641 2866
788 167 839 205 10

123 290 196 330 bus
223 290 503 339 demonstrare,
551 303 672 341 quum
711 290 942 330 Heilandius
953 291 982 343 ¹)
1026 290 1248 331 Cornelium
1285 281 1507 341 deceptum‘

123 359 309 398 historiae
354 357 529 397 Graecae
575 359 802 398 narratione
846 358 990 397 iterum
1033 358 1232 409 decepisse
1257 358 1494 410 interpretes

123 426 236 467 docte
263 426 489 466 ostenderit.
546 426 621 466 Sed
662 426 725 466 fac
752 426 945 477 Nepotem
993 426 1195 467 declarare
1222 426 1393 467 voluisse
1419 426 1493 466 Xe-
1516 475 1521 481 ι

128 495 367 546 nophontem
409 495 640 545 scriptorem
685 494 870 544 Agesilai.
921 494 1017 534 Inde
1071 498 1201 534 tamen
1243 494 1342 534 nihil
1386 493 1493 534 aliud

125 562 229 604 effici
254 563 332 603 nisi
359 562 582 603 Cornelium
609 562 776 603 aliorum
814 562 1034 614 opinionem
1061 567 1207 603 temere
1234 562 1493 615 divulgavisse

125 632 251 683 quivis
278 631 482 680 concedet,
516 632 584 681 qui
610 644 728 681 quam
755 631 1017 682 neglegenter,
1060 644 1175 682 quam
1204 632 1400 671 incuriose
1426 631 1493 670 ille

124 703 165 739 in
191 699 314 749 libris,
341 699 445 739 unde
471 699 615 748 hausit,
643 703 823 739 versatus
850 700 912 748 sit,
941 712 1019 739 non
1046 700 1213 750 ignorat.
1269 699 1345 739 Suo
1372 699 1494 750 igitur

125 769 210 808 iure
254 781 381 818 neque
405 767 604 807 Ciceronis
646 780 772 818 neque
800 767 962 818 Nepotis
990 767 1254 807 testimonium
1281 768 1411 817 magni
1439 767 1494 806 fe-

125 836 224 875 cisse
252 835 406 875 videtur
432 836 517 886 ipse
549 835 803 884 Heilandius,
850 836 917 886 qui
952 835 1085 874 allatis
1124 847 1253 875 eorum
1283 834 1410 874 verbis
1436 835 1494 874 ita

124 904 271 955 pergit:
318 903 517 952 ,‚Maioris,
561 903 703 954 inquit,
743 903 931 943 momenti
976 902 1131 943 videtur
1170 916 1256 942 esse
1283 902 1494 954 Dionysius

125 972 523 1012 HalicarnassensiS.“

205 1041 305 1081 Sane
333 1040 491 1079 minime
519 1039 738 1090 spernenda
767 1043 826 1079 est
853 1040 1068 1079 auctoritas
1087 1039 1274 1091 Dionysii,
1303 1038 1490 1092 nobilis2)

126 1110 232 1149 illius
260 1111 301 1147 et
328 1108 433 1147 omni
478 1107 745 1147 doctrinarum
777 1119 917 1157 genere
953 1108 1098 1146 exculti
1111 1108 1141 1160 ³)
1185 1107 1322 1153 critici,
1353 1107 1421 1157 qui
1447 1110 1492 1147 ut

127 1176 365 1217 Weismanni
376 1176 408 1227 ⁴)
452 1176 578 1215 verbis
624 1179 726 1224 utar,
769 1187 814 1215 eo
855 1178 941 1214 erat
969 1176 1026 1213 vir
1058 1175 1235 1214 acumine
1263 1175 1419 1226 ingenii,
1440 1177 1494 1214 -ut

125 1259 172 1284 ne
202 1257 320 1283 unum
349 1243 503 1294 quidem
553 1255 651 1293 opus
696 1242 842 1290 ederet,
888 1255 965 1292 quo
1000 1255 1077 1281 non
1104 1242 1299 1293 permulta
1326 1242 1494 1283 obscura

124 1314 353 1360 illustraret,
395 1311 496 1350 falsa
543 1310 746 1358 refutaret,
774 1323 874 1349 nova
901 1311 1166 1361 investigaret.
1224 1311 1351 1362 Atque
1369 1308 1494 1350 *liuius

123 1383 225 1421 tanti
254 1381 325 1420 viri
355 1379 471 1419 verba
498 1377 714 1417 afferuntur
739 1378 852 1417 haec:
887 1378 992 1427 „Kal
1008 1376 1190 1432 Ξενοφῶν
1205 1378 1260 1428 δέ,
1289 1376 1488 1430 ὁμολογῶν

125 1442 313 1496 ἐγκώμιον
333 1443 566 1500 Ἀγησιλάου
603 1448 711 1499 ἐρεῖν,
748 1445 852 1497 λέγει
891 1444 931 1485 ἐν
965 1445 1138 1500 ἱστορίας
1164 1443 1266 1498 λόγῳ
1291 1446 1337 1486 τὸ
1363 1449 1495 1500 σχῆμα

124 1511 369 1564 ποιούμενος.
408 1515 471 1555 καὶ
500 1514 609 1568 παρὰ
633 1517 689 1566 τῷ
714 1514 936 1568 Ξενοφῶντι
970 1512 1088 1554 πάλιν
1115 1512 1154 1554 ἔν
1180 1529 1223 1553 τε
1248 1518 1297 1567 τῇ
1323 1514 1496 1566 Παιδείᾳ

125 1582 187 1620 καὶ
232 1585 280 1633 τῇ
316 1580 522 1632 Ἀναβάσει
567 1579 750 1635 εὑρήσετε
801 1581 1156 1634 ἕσχηματισμένους
1199 1580 1362 1633 λόγους-ι(
1405 1584 1429 1623 i.
1460 1596 1493 1621 e.

125 1650 224 1688 Item
252 1650 466 1702 Xenophon
494 1651 586 1690 dum
613 1650 821 1701 profitetur
849 1664 890 1690 se
912 1651 1083 1701 Agesilai
1109 1651 1245 1691 laudes
1272 1664 1356 1690 esse
1382 1663 1494 1701 prae-

125 1718 357 1767 dicaturum,
399 1719 602 1758 historiam
648 1719 842 1758 narrando
871 1718 996 1769 figura
1035 1720 1171 1758 utitur.
1227 1718 1341 1769 Apud
1367 1719 1495 1757 Xeno-

126 1785 311 1836 phontem
337 1799 456 1837 porro
483 1787 523 1825 in
552 1786 641 1837 Cyri
680 1786 925 1825 institutione
960 1789 999 1825 et
1027 1786 1271 1837 expeditione
1299 1785 1493 1825 orationes

124 1853 314 1903 figuratas
341 1854 557 1893 invenietis.
610 1853 730 1901 Ecce,
766 1853 966 1903 inquiunt,
1003 1854 1262 1893 clarissimum
1290 1853 1495 1893 clarissimi

130 1921 258 1960 critici
302 1915 584 1960 testimonium!
642 1921 754 1968 Quod
797 1934 890 1959 num
918 1934 1051 1960 verum
1079 1922 1152 1969 sit,
1187 1921 1413 1972 diligentius
1438 1921 1496 1959 in-

132 1989 346 2039 quiramus.
387 1989 642 2027 Inveniuntur
669 1989 790 2039 igitur
816 1989 933 2028 verba
961 1989 1030 2028 illa
1049 1990 1089 2028 in
1116 2002 1164 2033 eo
1181 1989 1356 2040 Dionysii
1382 1987 1496 2033 libro,

126 2057 194 2107 qui
222 2057 433 2107 inscriptus
461 2061 521 2096 est
547 2056 659 2110 τέχνη
687 2054 879 2110 ῥητορική.
908 2057 983 2110 (Cf.
1018 2058 1112 2107 Cap.
1132 2057 1197 2096 IX.
1227 2059 1262 2106 ἓ.
1287 2057 1362 2109 12.)
1398 2056 1496 2105 „Sed

126 2124 189 2163 hic
216 2124 316 2164 liber
345 2156 354 2174 ‚
383 2126 416 2164 si
443 2125 675 2177 Tanaquilio
695 2125 823 2165 Fabro
834 2125 866 2178 ⁵)
893 2125 989 2164 fides
1016 2125 1196 2164 habenda
1224 2129 1294 2174 est,
1323 2138 1401 2164 non
1430 2138 1494 2176 ge-

126 2194 270 2231 nuinus
297 2197 369 2241 est,
398 2197 503 2232 certe
532 2206 610 2232 non
636 2193 752 2232 modo
779 2206 879 2232 unus
915 2197 975 2232 est
1005 2206 1025 2231 e
1055 2193 1361 2243 corruptissimis
1389 2193 1496 2232 volu-

128 2259 312 2309 minibus,
345 2273 446 2311 quae
473 2260 523 2300 ad
548 2263 724 2300 nostram
743 2264 910 2301 aetatem
930 2266 1202 2312 pervenerunt,
1229 2273 1362 2300 verum
1377 2261 1495 2300 etiam

214 2375 237 2416 ¹)
259 2374 307 2408 cf.
330 2375 477 2417 prolegg.
499 2385 576 2417 pag.
597 2375 718 2408 XXIX.

212 2435 240 2475 2)
263 2434 354 2466 Voss.
377 2433 399 2468 l.
422 2443 450 2467 c.
472 2443 499 2467 s.
521 2444 551 2466 v.
574 2433 760 2475 Dionysius.

216 2499 243 2539 3)
267 2497 381 2530 ὃιιίᾶειε
405 2508 429 2530 s.
453 2509 481 2530 v.
504 2493 685 2531 Διονύσιος.

213 2556 241 2597 4)
263 2556 312 2588 De
333 2556 482 2598 Dionysii
504 2556 605 2588 Halic.
629 2556 695 2589 vita
717 2560 750 2589 et
772 2557 880 2598 script.
903 2555 1038 2589 Rintelii
1072 2554 1158 2588 183⁷,
1183 2564 1215 2596 p.
1239 2555 1287 2587 13.

213 2620 239 2659 ⁵)
263 2619 311 2650 Cf.
333 2619 408 2651 Not.
430 2619 470 2651 ad
497 2619 634 2659 Longin.
665 2615 738 2660 περὶ
762 2614 875 2659 ‘Qu-x.
903 2630 924 2660 p
958 2619 1018 2651 325·
