1641 2866
792 150 839 185 59

132 271 168 311 3.
195 271 232 311 5.
272 270 423 310 Litotes
449 270 575 321 figura
602 272 750 310 occurit
777 272 806 312 Ι.
840 275 871 312 1.
900 272 963 312 38.
992 271 1036 310 V.
1058 274 1092 310 2.
1108 275 1143 311 6.
1173 271 1238 311 VI.
1270 274 1301 311 1.
1331 270 1436 310 VIII.
1462 274 1491 316 l,

133 341 168 378 3.
205 341 239 376 7.
284 338 351 378 XI.
383 339 441 378 14.
496 339 721 389 Asyndeton
755 344 826 379 est.
855 340 904 378 II.
946 341 1006 380 12.
1053 339 1341 389 Polysyndeton
1367 339 1398 378 Ι.
1430 343 1491 377 25.

131 405 201 446 111.
228 405 264 445 3.
293 406 540 457 Apostrophe
567 406 652 448 VII.
681 407 718 448 5.
754 407 1023 447 Anacoluthon
1050 406 1136 447 VII.
1166 410 1199 447 7.
1228 406 1275 447 X.
1307 409 1339 447 1.
1366 406 1491 445 Nimis

129 473 297 512 violento
326 474 518 524 Oxymoro
547 476 714 525 scriptor
741 488 832 514 usus
860 479 920 514 est·
947 475 991 513 V.
1011 476 1050 513 4:
1072 471 1310 527 σωφρόνημα
1321 473 1386 512 καὶ
1407 471 1493 511 λίαν

130 536 299 590 μανικόν,
328 553 492 591 quocum
520 540 750 581 Heilandius
776 541 874 580 illud
900 545 1038 592 poetae
1058 541 1243 580 Venusini
1271 544 1363 591 apte
1391 553 1492 579 coin-

131 610 306 660 paravit:
358 610 592 649 Insanientis
634 611 848 660 sapientiae
889 610 1088 648 consultus
1129 622 1227 648 erro.
1245 609 1276 660 ¹)
1339 609 1494 658 Synesis

129 675 345 727 figuratad
372 690 488 728 quam
516 691 593 728 quo
620 678 855 716 recentiores
882 680 974 716 sunt
1001 677 1225 727 scriptores,
1254 689 1299 722 eo
1315 675 1494 726 cupidius

130 744 335 793 inclinant,
362 746 555 784 invenitur
582 745 666 784 VII.
697 749 731 784 7.
750 746 779 796 2)
835 746 1042 784 Praeterea
1070 748 1225 794 tropus,
1254 744 1320 794 qui
1348 743 1493 783 dicitur

130 813 388 863 synecdoche,
424 817 483 851 est
509 813 576 853 IX.
605 813 647 860 3,
684 812 750 850 ubi
778 826 848 862 pro
876 811 1015 850 πολλοί
1044 812 1231 850 audacter
1258 811 1407 850 dictum
1435 815 1495 849 est

129 878 274 933 μυρίοι.
849 928 851 930 μ

255 948 327 987 His
354 948 583 987 adiiciamus
611 961 723 987 voces
751 951 791 987 et
819 948 1047 995 locutiones,
1077 960 1178 997 quae
1205 948 1347 997 partim
1375 947 1494 985 inusi-

131 1019 250 1064 tatae,
287 1017 433 1067 partim
460 1017 622 1055 vitiosae
650 1029 732 1056 esse
760 1016 951 1056 videntur.
989 1016 1052 1054 Sic
1078 1015 1242 1065 legimus
1271 1015 1301 1053 Ι.
1331 1016 1372 1054 2:
1402 1014 1495 1066 περὶ

129 1083 200 1134 μὲν
233 1079 301 1123 οὖν
337 1080 529 1134 εὐγενείας
564 1081 683 1123 αὐτοῦ
713 1084 752 1123 τί
787 1084 835 1123 ἄν
859 1099 919 1130 τις
939 1083 1073 1133 μεῖζον
1098 1083 1162 1122 καὶ
1188 1079 1341 1121 κάλλιον
1369 1081 1495 1121 εἰπεῖν

131 1149 236 1202 ἔχοι,
278 1149 301 1204 ἢ
342 1149 399 1191 ἔτι
425 1152 487 1191 καὶ
516 1155 581 1190 νῦν
605 1156 689 1198 τοῖς
715 1150 921 1205 προγόνοις
948 1149 1246 1201 ὄτομαζομένοις
1272 1149 1495 1202 ἀπομνημο-

129 1216 288 1269 νεύεται,
330 1218 497 1266 ὀποστὸς
536 1217 602 1273 ἀφ’
640 1219 870 1273 Ἡρακλέους
896 1219 1052 1270 ἐγένετο.
1110 1219 1332 1258 Difficultas
1370 1219 1495 1257 estin

129 1288 271 1327 dativis
308 1290 391 1334 τοῖς
430 1285 637 1341 προγόνοις
675 1287 977 1338 ὀνομαζομένοις
991 1318 1000 1334 ,
1043 1301 1140 1338 quos
1180 1287 1350 1326 editores
1388 1286 1494 1325 varie

132 1357 384 1406 interpretati
412 1359 513 1396 sunt.
568 1356 798 1395 Heilandius
826 1356 977 1394 dativos
1005 1368 1090 1394 esse
1118 1359 1249 1393 censet
1275 1355 1400 1393 instar
1427 1354 1495 1392 ab·

131 1424 351 1472 lativorum,
393 1423 497 1474 quod
526 1423 729 1475 Sauppius,
756 1427 800 1462 ut
828 1424 1023 1463 Heilandii
1053 1423 1178 1462 verbis
1206 1425 1314 1471 utar,
1349 1422 1494 1461 clarius

129 1491 238 1530 dedit
263 1493 444 1542 apposita
472 1493 703 1531 Germanica
729 1493 922 1531 versione:
951 1492 1074 1530 durch
1107 1490 1370 1529 namentliche
1401 1490 1494 1528 Auf-

127 1558 296 1609 fiihrung
307 1559 376 1597 der
386 1559 614 1597 Vorfahren.
630 1560 741 1598 Hanc
754 1560 1051 1609 explicationem
1064 1558 1297 1608 improbavit
1315 1558 1495 1596 Breiten·

128 1625 289 1666 bachius
318 1629 358 1665 et
382 1627 466 1676 ipse
485 1626 714 1666 Heilandius
741 1639 824 1666 rem
851 1640 928 1666 non
955 1631 1086 1665 actam
1101 1640 1183 1665 esse
1203 1627 1369 1666 sensisse
1389 1625 1494 1664 vide-

128 1700 214 1742 tur,
251 1708 341 1734 nam
382 1698 519 1745 postea
547 1694 705 1733 dubiam
734 1696 996 1733 coniecturam
1026 1694 1075 1733 ab
1103 1694 1180 1733 alio
1208 1697 1410 1744 acceptam
1438 1698 1496 1733 at—

127 1763 232 1803 tulit.
244 1764 274 1815 ³)
329 1763 648 1802 Breitenbachius
692 1767 828 1802 contra
860 1763 962 1802 hanc
997 1764 1231 1802 sententiam
1258 1766 1364 1802 recte
1393 1762 1493 1801 desi-

127 1831 256 1871 derat:
289 1831 421 1869 Etiam
455 1844 577 1879 nunc,
614 1844 734 1881 quum
760 1831 927 1870 maiores
955 1835 1253 1879 enumerantur,
1287 1844 1366 1869 una
1394 1843 1496 1869 com-

50 1908 67 1926 *
126 1902 365 1938 memoratur
393 1899 607 1949 Agesilaus,
636 1901 778 1948 quotus
806 1898 855 1937 ab
884 1899 1052 1937 Hercule
1080 1899 1209 1939 fuerit.
1265 1901 1393 1949 Atque
1420 1899 1494 1938 hoc

126 1967 255 2016 ipsum
282 1966 399 2005 verba
426 1967 642 2017 significare
671 1967 879 2007 existimat.
916 1967 1266 2006 Similiteriudicat
1280 1967 1494 2006 Matthiaus

126 2036 161 2083 ξ.
190 2035 277 2071 562.
307 2037 349 2072 2:
378 2035 540 2073 Anstatt
567 2034 636 2073 der
664 2034 833 2073 Genitivi
861 2034 930 2073 der
955 2035 1169 2084 Participia
1196 2035 1332 2073 stehen
1360 2036 1494 2074 zuwei-

125 2101 190 2140 len
224 2101 372 2149 Dativi,
402 2101 574 2140 insofern
611 2103 681 2141 das
711 2102 869 2142 Subiect
896 2102 964 2141 des
991 2103 1183 2152 Particips
1211 2102 1269 2141 als
1297 2102 1492 2152 dasjenige

89 2208 93 2209 ⁷
125 2169 346 2210 betrachtet
373 2169 527 2209 werden
553 2170 671 2223 kann,
697 2171 738 2209 in
763 2171 976 2210 Riicksic-ht
1003 2170 1075 2210 auf
1097 2171 1260 2210 welches
1278 2171 1340 2210 die
1359 2170 1492 2210 Hand-

124 2239 220 2288 lung
248 2237 316 2276 des
343 2237 463 2276 Verbi
491 2241 591 2277 statt
616 2238 750 2278 findet.
806 2238 889 2277 Hac
916 2239 1051 2289 regula
1078 2240 1276 2278 nonnullis
1303 2239 1491 2289 exemplis

125 2306 325 2345 illustrata
357 2308 533 2344 nostrum
561 2318 715 2356 quoque
743 2307 870 2346 locum
900 2306 1173 2346 conferendum
1202 2320 1286 2346 esse
1313 2306 1490 2346 adnotat.

254 2411 278 2451 1)
301 2409 351 2443 Cf.
374 2408 488 2442 Horat.
510 2409 613 2442 Garm.
639 2411 661 2442 1.
684 2409 734 2443 34.

251 2470 279 2504 ‘-')
302 2467 396 2500 Hanc
421 2466 557 2509 figuram
579 2467 733 2509 sophistis
755 2469 894 2500 maxime
915 2468 1076 2510 placuisse
1096 2467 1326 2509 Bernhardyus
1346 2467 1489 2499 ostendit

126 2525 159 2557 in
183 2525 275 2564 libro,
299 2526 353 2566 qui
375 2525 578 2558 inscribitur:
601 2525 740 2567 Paralip.
762 2530 844 2567 synt.
868 2528 980 2559 Graec.
1005 2537 1034 2567 p.
1060 2527 1109 2558 25.

250 2585 274 2619 ³)
298 2582 347 2616 Cf.
373 2582 502 2623 Quaest.
525 2583 566 2615 de
587 2583 662 2617 dial.
686 2583 826 2626 Xenoph
858 2594 890 2625 p.
913 2586 942 2617 6.
