1641 2866
810 144 860 182 22

155 268 329 320 captivos
361 268 527 319 benigne
560 281 684 318 neque
711 281 883 319 unquam
910 269 1053 308 iniuste
1082 281 1123 307 se
1150 280 1284 318 gerere
1312 267 1379 318 (ΙΙ.
1392 268 1430 307 4.
1454 268 1517 308 32.

156 335 226 375 ΙΙΙ.
270 337 307 375 2.
337 337 429 386 12.).
491 336 547 375 Ut
582 337 897 386 praetermittam
938 336 1063 375 locum
1102 335 1409 382 Hellenimrum,
1450 333 1518 373 ubi

157 402 360 453 Agesilaus
395 401 477 441 fore
514 406 559 441 ut
595 415 635 441 se
661 402 825 454 puderet
857 404 930 446 ait,
966 404 1000 442 si
1026 403 1172 442 amicos
1200 402 1325 441 colere
1352 402 1518 441 nesciret

156 469 243 519 (111.
287 473 323 510 4,
365 470 441 521 9.),
482 471 523 509 id
560 470 715 520 quidem
751 473 930 510 constare
969 470 1084 509 credo
1099 500 1109 518 ,
1148 469 1440 520 compilatorem
1467 468 1518 508 ad

154 549 312 576 manum
364 536 546 576 habuisse
600 537 717 576 verba
762 537 1026 588 Cyropaediae
1067 537 1150 589 (IV.
1195 540 1231 577 4.
1280 536 1347 587 5):
1395 536 1518 575 Δυοῖν

155 600 218 653 ἄν,
255 601 348 658 ἔφη,
386 603 637 657 ἐπιμελητέον
664 604 755 658 ἡμῖν
788 606 865 658 εἴη,
904 602 1013 652 ὅπως
1044 619 1087 644 τε
1118 604 1315 658 κρείττους
1341 601 1519 653 ἐσόμεθα

153 674 230 710 τῶν
256 669 355 711 atho}
382 669 547 722 ἐχόντων
571 673 636 712 καὶ
664 670 771 719 ὅπως
798 668 906 711 οὗτοι
932 675 1123 722 μενοῦσιντ
1138 671 1339 724 οἰκουμένη
1357 671 1428 720 μὲν
1444 671 1518 724 γὰρ

155 736 263 792 χώρα
287 740 434 779 πολλοῦ
460 736 569 790 ἄξιον
594 744 731 794 κτῆμα·
759 737 884 795 ἐρήμη
910 737 1163 794 δ’ἆνθρώπων
1190 735 1287 780 οὖσα
1311 736 1435 793 ἐρήμη
1452 739 1518 779 καὶ

153 810 230 846 τῶν
254 805 415 857 ἀγαθῶν
440 808 618 858 γίγνεται.

278 875 489 915 Praeterea
526 876 744 926 erudimur,
780 871 1066 930 λαφυροπώλας
1099 880 1139 915 et
1165 872 1365 928 ἐμπόρους
1398 875 1518 914 Lace-

155 943 446 982 daemoniorum
487 945 716 986 exercitum,
737 948 891 983 secutos
927 949 966 982 et
1001 948 1133 982 castra
1174 944 1407 993 compluries
1433 954 1517 981 esse

153 1013 329 1059 mutata,
369 1010 417 1050 de
455 1010 596 1061 quibus
630 1011 746 1051 rebus
778 1011 1009 1062 Xenophon,
1043 1011 1210 1061 scriptor
1237 1010 1517 1050 Laconicarum

154 1089 285 1116 rerum
311 1078 584 1128 peritissimus,
613 1078 790 1129 pluribus
818 1079 915 1118 locis
943 1078 1061 1118 verba
1087 1078 1193 1118 facit.
1206 1078 1237 1130 ι)

277 1144 340 1184 Ita
377 1144 594 1185 laudatoris
633 1144 761 1185 officio
799 1146 1043 1186 satisfactum
1080 1158 1163 1185 esse
1204 1146 1372 1196 scriptor
1405 1149 1514 1184 ratus

154 1212 460 1263 Xenophonteae
487 1215 723 1253 narrationis
743 1213 853 1253 filum
875 1215 1014 1264 recipit
1033 1214 1105 1265 (§5.
1125 1214 1174 1252 23
1182 1237 1221 1241 --
1229 1213 1321 1264 33.)‚
1349 1213 1518 1263 plurima

152 1278 411 1327 transscribit,
440 1281 586 1320 omittit
614 1281 812 1329 nonnulla,
839 1281 935 1320 nihil
962 1281 1037 1320 uisi
1063 1280 1177 1320 breve
1205 1280 1421 1319 encomium
1449 1279 1517 1319 ad—

153 1348 212 1387 dit
231 1347 285 1399 (ξ.
304 1348 396 1399 24.),
416 1348 468 1387 ad
486 1349 591 1397 quod
608 1350 738 1388 nescio
753 1362 803 1387 an
822 1349 966 1387 referre
985 1349 1104 1387 liceat
1118 1348 1236 1386 verba
1245 1348 1515 1398 Hipparchici:

153 1411 374 1468 ἐπιτήδειον
401 1414 444 1455 δὲ
470 1412 775 1469 ὑπομιμνήσκειν
800 1431 834 1456 κ.
860 1429 894 1456 τ.
923 1416 956 1456 λ.
987 1416 1034 1468 (Ι.
1063 1415 1141 1468 19.)
1198 1415 1304 1463 Quae
1336 1415 1376 1454 in
1403 1416 1434 1466 5.
1454 1415 1516 1455 33.

153 1487 316 1522 narrata
342 1489 444 1530 sunt,
470 1485 694 1533 Agesilaum
723 1484 864 1523 Sardes
891 1485 1088 1534 petivisse,
1117 1484 1314 1533 regionem
1329 1486 1514 1529 vastasse,

151 1550 300 1590 incolas
329 1555 373 1590 ut
400 1564 425 1590 a
451 1551 580 1590 Persis
594 1564 633 1590 se
654 1550 878 1600 liberarent,
905 1551 1158 1590 adhortatum
1174 1563 1270 1598 esse,
1298 1549 1513 1600 Xenophon

152 1619 326 1658 omisisse
363 1619 527 1658 videtur.
585 1622 642 1658 An
678 1619 852 1659 Rankius
886 1619 1087 1658 Hellenica
1113 1619 1187 1658 hoc
1215 1619 1300 1657 loco
1330 1622 1515 1668 corrupta

151 1690 192 1724 et
218 1699 356 1726 manca
384 1699 467 1725 esse
496 1690 598 1725 recte
626 1687 846 1737 suspicatus
873 1687 957 1725 est?
973 1687 1003 1739 ²)

275 1754 370 1793 Inde
397 1767 421 1793 a
448 1756 480 1805 5.
509 1755 571 1795 34.
601 1767 723 1804 usque
750 1754 802 1793 ad
829 1756 861 1805 5.
891 1758 952 1795 37.
981 1754 1163 1794 laudator
1189 1753 1294 1793 haud
1321 1755 1378 1792 ita
1406 1757 1514 1792 arcte

151 1820 202 1859 ad
228 1820 526 1871 Xenophontem
554 1835 595 1860 se
623 1823 808 1872 applicat,
838 1821 906 1860 sed
937 1821 1230 1871 compilatorem
1256 1821 1513 1870 persequendi

150 1900 227 1928 non
254 1887 396 1928 desunt
423 1889 598 1939 vestigia.
634 1890 759 1940 Atque
787 1890 956 1940 primum
983 1901 1071 1928 eum
1090 1888 1327 1939 spectavisse
1342 1888 1514 1928 invenies

148 1956 200 1994 ad
226 1956 355 1995 locum
380 1956 680 2005 Hellenicorum,
708 1957 774 1996 ubi
789 1958 992 2007 Agesilaus
1019 1955 1218 1994 inducitur
1246 1956 1301 1993 sic
1328 1955 1512 2006 loquens:

147 2025 214 2062 νῦν
245 2022 288 2062 δὲ
320 2020 449 2072 ἔξεστί
482 2037 544 2063 σοι
576 2021 668 2074 μεθ’
703 2024 809 2077 ἡμῶν
839 2025 1027 2077 γενομένῳ
1058 2023 1204 2077 μηδένα
1236 2028 1515 2077 προςκυνοῦντιι

148 2091 228 2144 ζῆν.
270 2091 352 2144 (IV.
381 2095 415 2130 1.
447 2095 525 2144 35.)
565 2093 720 2144 Deinde,
737 2094 856 2133 verba
882 2094 953 2133 illa
978 2095 1020 2133 in
1047 2099 1222 2134 extrema
1248 2099 1362 2146 parte
1389 2097 1422 2147 5.
1450 2097 1512 2135 34.

147 2163 305 2210 sumpta
333 2172 417 2199 esse
445 2173 490 2200 ex
518 2161 730 2201 Hellenicis
759 2162 843 2215 (IV,
872 2161 915 2203 3(
936 2163 1016 2215 21.)
1044 2162 1203 2214 negabit
1229 2176 1353 2203 nemo.
1392 2164 1513 2203 Porro

148 2227 419 2278 Tissaphernis
443 2241 578 2268 necem
601 2229 739 2269 iisdem
765 2229 893 2269 verbis
918 2231 1153 2282 descriptam
1179 2231 1325 2270 ibidem
1342 2232 1514 2282 reperies

146 2294 234 2346 (111.
263 2299 299 2335 4.
328 2295 421 2348 25.).
457 2296 602 2337 Multas
628 2297 745 2337 urbes
785 2311 810 2337 a
851 2311 942 2349 rege
979 2298 1032 2338 ad
1054 2299 1277 2349 Agesilaum
1305 2298 1513 2339 descivisse

274 2402 299 2439 ¹)
321 2400 369 2432 cf.
407 2400 531 2432 Hellen.
566 2401 587 2433 Ι.
625 2404 653 2433 6.
691 2404 738 2432 37.
774 2401 825 2432 [V.
870 2404 892 2433 l.
924 2401 973 2434 26.
1028 2401 1142 2444 Cyrop.
1184 2403 1237 2435 vl.
1271 2403 1300 2436 2.
1332 2403 1382 2436 38.
1416 2404 1512 2446 Resp.

145 2459 266 2492 Lacon.
291 2459 361 2492 XII.
384 2459 414 2491 5.

268 2517 294 2557 2)
315 2516 363 2548 De
392 2517 616 2557 Xenophontis
650 2517 716 2549 vita
746 2523 777 2548 et
805 2519 942 2559 scriptis.
969 2528 1000 2559 p.
1023 2517 1065 2549 20
1087 2528 1132 2559 eq.
1177 2519 1266 2558 Quae
1289 2519 1511 2551 Beckhausius

142 2572 271 2605 Raukio
294 2582 479 2615 repugnans
501 2574 611 2606 attulit
631 2576 717 2617 (pag.
739 2574 814 2616 48),
836 2574 956 2607 nullius
979 2575 1133 2608 momenti
1157 2582 1243 2609 sunt.
