1641 2866
762 132 812 170 46

104 253 325 302 Agesilaum
366 266 390 291 a
429 254 606 304 Thespiis
649 255 689 292 in
714 255 846 298 >latere
886 254 1118 308 occidentali
1154 243 1287 293 versus
1323 255 1474 295 Thebas
1505 268 1506 271 ’
1543 269 1546 271 ’

101 321 187 359 sitis
215 333 465 371 progressum
490 321 687 375 regionem
711 322 935 361 Thebanam
957 312 1185 361 orie-ntalem
1203 322 1317 367 intra
1330 309 1474 362 vallum

103 390 340 434 vastavisse,
381 388 628 428 laudatorem
674 391 714 428 in
758 403 889 441 errore
929 394 1124 433 versatum
1170 395 1268 429 esse‘
1299 377 1474 442 apparet,

103 469 221 506 quum
255 456 388 504 colles,
417 457 484 506 qui
512 461 702 497 vocantur
732 457 1056 508 Cynoscephalae,
1086 471 1165 512 non
1190 457 1294 497 inter
1322 443 1474 511 Thebas

102 530 140 562 et
168 525 367 575 Thespias,
397 526 465 564 sed
493 527 595 564 inter
624 526 776 565 Thebas
800 531 839 565 et
858 527 1020 577 Hylicen
1051 526 1318 581 paludem-siti
1331 528 1429 581 sint.
1443 528 1474 579 ¹)

101 593 245 632 Verum
272 594 369 641 haee
398 594 619 634 difficiliora
646 600 751 644 sunt,
781 608 897 646 quam
926 598 971 633 ut
1004 582 1195 645 equidem⁴
1219 595 1377 646 aliquid.
1396 608 1497 642 cer-r

103 663 178 700 {ius
206 663 379 711 proferre
406 664 576 712 possim,
605 677 723 713 quam
750 664 855 713 quod
884 659 1073 715 Siversiu‘s
1087 663 1118 714 2)
1146 664 1371 715 suspicatus
1398 660 1473 716 est.
1502 712 1505 716 .
1537 665 1541 668 ’

103 730 227 769 Multo
253 730 416 769 ‘facilius
453 735 510 769 est
545 731 593 769 de
621 732 869 782 paragrapho
899 733 961 780 23.
973 732 1004 782 3)
1032 731 1218 779 iudicare,
1247 728 1314 770 ubi
1339 731 1475 784 Agesi-
1527 724 1530 727 “

101 798 207 836 laum
244 811 330 835 cum
368 799 451 836 sola
481 798 880 838 Lacedaemoniorum
903 796 1035 837 ‘manu
1066 790 1202 849 contra
1228 798 1360 837 hostes
1387 809 1476 847 pro·

104 864 258 903 fectum*
279 877 362 910 esse
392 866 567 915 legimus.
624 865 708 904 Hoc
736 879 954 916 repugnare
974 874 1114 904 'rerum
1142 866 1322 916 scriptori
1350 866 1473 903 mani-

104 934 247 986 festum
276 937 354 980 est,
383 946 474 971 nam
501 935 541 971 in
569 934 778 972 Hellenieis
805 934 1053 972 inve-fiuntur
1080 934 1194 972 haec:
1225 932 1399 986 Ηραιεῖς
1424 921 1473 972 δὲ

101 999 163 1038 καὶ
194 1003 423 1053 Λεπρεᾶται
461 998 802 1054 συιεστρατεύοντο
828 1003 912 1047 τοῖς
938 1000 1275 1050 Λακεδαιμονίοις
1288 999 1361 1043 ἐπὶ
1383 1000 1476 1049 τούς
1532 1041 1535 1043 Α

54 1104 56 1106 ,
104 1067 338 1116 ]Παιτινέας.
348 1068 380 1121 4)
1223 1076 1225 1078 ’

228 1138 340 1184 Quod
368 1138 512 1175 attinet
540 1138 590 1176 ad
619 1139 650 1188 ξ,
682 1140 742 1195 24,
768 1139 972 1185 Aenianes,
1001 1150 1100 1188 quos
1119 1138 1303 1193 laudator
1326 1138 1475 1177 Theba-

103 1205 294 1249 banorum
329 1206 442 1245 sociis
476 1206 727 1254 annumerat
756 1206 979 1256 Xenophon
1017 1207 1056 1244 in
1091 1206 1309 1261 Hellenicis
1328 1206 1475 1246 omittit

54 1302 57 1304 >
86 1286 313 1326 'eorumque
341 1274 440 1312 loco
452 1271 707 1329 Heracleotae
731 1278 770 1315 et
798 1273 1003 1313 Melienses
1032 1271 1155 1312 affert.
1169 1274 1201 1325 ⁵)

163 1351 166 1354 ⁴
227 1344 355 1392 Atque
382 1341 480 1380 haec
506 1341 553 1380 de
581 1342 711 1402 priore
751 1341 917 1380 encomii
944 1341 1069 1404 parte.
1122 1339 1253 1381 Etiam
1280 1343 1320 1381 in
1347 1346 1475 1394 poste-

58 1448 60 1450 .
103 1410 205 1449 riore
246 1410 433 1448 nonnulla
472 1410 582 1448 nobis
620 1414 853 1459 occurrunt,
874 1415 990 1460 'quae
1040 1409 1089 1448 ab
1114 1410 1286 1449 :historia
1323 1410 1474 1449 Graeca

54 1526 59 1530 ⁵
103 1482 196 1519 sunt
222 1478 362 1518 aliena.
421 1478 483 1518 Sic
525 1479 693 1531 scriptor
738 1487 797 1505 ·—·‘
825 1472 921 1517 nolo
958 1478 1059 1524 enim
1093 1478 1226 1517 multis
1259 1479 1404 1518 morari
1431 1479 1471 1517 in

60 1600 62 1602 q
105 1547 302 1597 exemplis,
332 1560 431 1596 quae
460 1547 655 1595 incapite
685 1546 753 1597 ΙΙΙ.
775 1541 967 1599 leguntur,
997 1559 1233 1596 quamquam
1255 1547 1470 1597 Spithrida-

101 1619 161 1653 tes
178 1614 370 1665 Lysandri
389 1626 589 1665 persuasu,
611 1614 730 1653 Cotus
750 1611 925 1664 exemplo
947 1617 986 1652 et
1004 1614 1277 1654 adhortatione
1299 1614 1464 1665 Spithri-

102 1682 225 1731 datis,
263 1682 430 1733 denique
468 1681 743 1720 Pharnabazus
773 1682 1052 1732 Apollophanis
1080 1682 1281 1721 cuiusdam
1311 1683 1471 1721 consilio

101 1752 225 1800 magis
254 1763 371 1800 quam
399 1750 570 1799 Agesilai
590 1750 733 1787 virtute
762 1749 921 1788 adducti
949 1763 1031 1788 esse
1059 1749 1250 1798 videntur,
1279 1754 1323 1788 ut
1348 1750 1468 1789 Lace-

101 1819 393 1857 daemoniorum
408 1822 540 1869 partes
553 1818 830 1868 sequerentur⁶
841 1816 1120 1870 *)—-incapite
1135 1817 1200 1858 VI.
1215 1820 1248 1869 ξ.
1263 1818 1300 1859 3.
1317 1821 1357 1857 et
1371 1818 1417 1857 X.
1435 1822 1470 1858 4.

104 1888 327 1936 Agesilaum
357 1891 417 1925 tot
445 1887 627 1925 victorias
656 1886 705 1923 ab
733 1885 910 1924 hostibus
937 1886 1198 1935 reportavisse
1228 1886 1345 1934 dixit,
1374 1890 1469 1936 quot

102 1955 371 2006 expeditiones
414 1954 570 1993 fecisset
606 1967 770 2004 eumque
805 1966 975 2004 unquam
1012 1954 1154 1993 victum
1191 1967 1275 1993 esse
1302 1956 1469 2004 negavit.

104 2026 155 2062 At
182 2024 396 2074 Xenophon
408 2024 436 2075 ⁷)
467 2036 554 2061 eum
582 2036 659 2061 non
687 2023 810 2061 solum
840 2024 994 2072 saepius
1022 2023 1136 2066 rebus
1155 2023 1309 2061 infectis
1328 2023 1472 2061 disces-

102 2093 199 2131 sisse
234 2096 530 2138 commemorat,
573 2091 641 2130 sed
676 2091 795 2130 etiam
834 2091 984 2130 cladem
1025 2091 1222 2142 accepisse
1251 2092 1496 2142 multosque·

103 2163 187 2200 eius
205 2161 359 2199 'milites
387 2161 614 2199 interfectos
644 2173 726 2198 esse
755 2173 832 2198 non
859 2160 1029 2198 reticuit.

189 2226 204 2228 “
231 2247 254 2287 ι)
277 2244 328 2279 cf.
349 2244 472 2278 Charta
493 2253 603 2286 geogr
624 2244 666 2277 ab
696 2243 733 2278 ο
755 2243 895 2277 Mtfflero
918 2242 1069 2285 descript.

227 2303 325 2345 ·-)Οί“.
348 2303 465 2336 Gesch.
488 2303 546 2335 der
568 2302 694 2334 Griech.
717 2313 751 2343 p.
772 2302 841 2334 205.
867 2311 898 2335 n.
926 2303 963 2333 17

228 2363 255 2400 ³)
278 2361 328 2395 Cf.
347 2361 473 2401 Hagen.
496 2371 528 2402 p.
549 2359 600 2393 43.
621 2364 654 2392 et
676 2370 707 2401 p.
729 2360 781 2393 54.

227 2421 255 2461 ⁴)
277 2419 327 2452 Cf.
348 2419 435 2452 Hell.
456 2418 512 2451 VI.
534 2417 564 2451 5.
589 2419 642 2450 11.

227 2477 253 2518 ⁶)
275 2476 331 2510 VI.
352 2476 372 2509 5
394 2476 444 2509 23.

228 2537 255 2574 e)
278 2534 336 2569 111.
358 2536 388 2568 4.
410 2534 460 2567 10.
491 2534 545 2568 ιν.
569 2535 596 2567 1.
621 2535 649 2569 1.
682 2533 738 2569 1v.
761 2535 789 2567 1.
812 2534 861 2567 29.
894 2534 926 2576 *)
948 2533 997 2569 ef.
1018 2534 1145 2576 Hagen.
1164 2546 1198 2577 p.
1219 2536 1270 2569 47.

229 2589 254 2628 τ)
276 2588 330 2620 1v.
354 2589 385 2620 6.
410 2590 456 2621 ιο.
