1641 2866
794 161 843 201 62

133 296 216 322 esse
246 296 370 333 neque
400 284 616 334 simplicem
645 298 776 324 casum
805 286 893 324 aliis
912 285 987 323 nisi
1006 284 1106 323 forte
1126 285 1250 334 poetis
1270 285 1500 325 concedunt.

132 352 225 389 Tria
252 355 405 390 tantum
437 352 610 391 locorum
638 354 794 392 nomina
823 354 1079 404 excipiuntur,
1109 364 1208 402 quae
1230 352 1306 390 vim
1328 352 1502 392 adverbii

132 421 307 470 recipere
334 421 481 459 solent:
512 422 747 474 Μαραθῶνι,
775 422 976 470 Σαλαμῖνι,
1001 418 1192 459 Ἐλευσῖνι.
1206 420 1236 472 ¹)
1290 420 1336 459 Id
1363 421 1502 460 saltem

132 492 310 526 constare
326 488 490 535 videtur,
513 489 616 539 apud
636 489 929 540 Xenophontem
950 488 990 528 ἐν
1015 503 1093 528 non
1116 489 1256 535 omitti,
1275 488 1341 526 ubi
1361 489 1499 538 proelii

135 556 243 593 locus
262 555 468 595 indicatur.
499 556 542 594 In
564 557 595 606 8,
617 560 652 597 2.
668 559 806 607 capitis
831 558 922 596 noni
938 557 1051 606 vulgo
1067 557 1250 606 leguntur
1264 555 1398 594 verba:
1419 554 1440 594 ὀ
1460 555 1501 593 δὲ

131 619 220 659 ἰόίε
250 620 416 661 μάλιστα
432 621 594 675 ἔχαιρεν,
625 621 773 662 ὁπόταν
787 623 1030 673 ἀποπέμποι,
1051 624 1098 662 de
1119 636 1194 673 qua
1215 624 1501 661 constructione

134 691 349 730 Matthiaus
378 691 484 731 dicit.
501 693 530 742 2)
566 692 666 739 „Das
694 693 792 731 lasst
820 693 900 732 sich
928 692 1026 731 wohl
1055 705 1129 730 nur
1156 692 1278 730 durch
1306 691 1389 730 eine
1413 691 1501 730 sehr

130 772 384 809 gezwungene
408 760 628 809 Erklarung
657 761 968 810 rechtfertigen.“
1021 760 1096 798 Sed
1124 772 1243 808 quum
1271 759 1423 797 codices
1452 761 1497 798 A.

130 827 172 863 B.
210 826 256 864 G.
300 826 530 866 vocabulum
559 824 677 866 ὅπιντε
707 829 788 867 sine
817 824 862 866 ἄν
888 827 1122 878 praebeant,
1151 826 1303 865 librarii
1330 825 1497 865 fortasse

131 894 266 932 vitium
296 899 365 934 est.

258 961 386 999 Etiam
417 963 454 999 in
485 963 614 1011 capite
643 963 708 1002 XI.
739 963 925 1000 nonnulla
954 962 1219 1008 inveniuntur,
1249 973 1348 1009 quae
1376 960 1501 998 Xeno—

129 1027 288 1078 phontis
330 1042 412 1067 esse
458 1042 567 1079 nego.
634 1030 690 1068 De
727 1030 879 1078 verbis,
914 1043 937 1068 a
965 1029 1106 1079 quibus
1133 1029 1287 1067 initium
1317 1029 1497 1067 sumitur:

126 1094 316 1145 βούλομαι
349 1096 389 1134 δὲ
418 1097 481 1135 καὶ
509 1096 549 1134 ἐν
574 1097 803 1149 κεφαλαίοις
831 1097 1060 1136 ἐπανελθεῖν
1087 1110 1163 1135 non
1191 1100 1260 1144 est,
1290 1109 1359 1134 cur
1380 1097 1500 1146 pluri-

131 1163 203 1202 bus
231 1164 370 1213 dicam,
400 1177 517 1214 quum
547 1166 621 1215 ipsi
651 1166 819 1205 editores
847 1166 942 1205 haec-
970 1165 1018 1205 ab
1047 1178 1092 1204 eo
1120 1164 1297 1215 profecta
1317 1177 1399 1203 esse
1419 1177 1493 1203 non

128 1245 241 1282 posse
268 1232 476 1271 affirment.
510 1233 615 1272 Idem
645 1234 895 1272 iudicandum
924 1239 983 1272 est
1011 1234 1057 1272 de
1086 1233 1201 1272 verbo
1229 1235 1397 1285 χρῆσθαι
1411 1245 1498 1271 cum

129 1300 350 1337 accusativo
389 1301 594 1338 coniuncto
635 1302 674 1338 in
711 1303 742 1350 ,8.
789 1303 853 1340 11;
899 1301 959 1338 καὶ
995 1300 1040 1338 τὸ
1077 1297 1322 1352 μεγαλόφρον
1349 1298 1498 1352 ἐχρῆτο.

130 1366 213 1405 Hoc
250 1366 456 1406 Schaferus
471 1368 503 1419 ³)
546 1368 803 1418 scriptoribus
842 1369 1069 1419 posterioris
1104 1369 1289 1418 temporis
1321 1369 1406 1407 iure
1433 1368 1500 1407 ad-

135 1436 311 1484 scripsit,
353 1435 420 1473 sed
461 1435 510 1473 ob
539 1449 625 1474 eam
654 1449 811 1474 causam
841 1438 1166 1476 constructionem
1195 1441 1346 1475 mutare
1374 1448 1499 1485 neque

132 1502 329 1553 Stephano
358 1515 482 1552 neque
500 1503 671 1543 Weiskio
691 1504 801 1542 licuit
820 1518 945 1555 neque
965 1506 1143 1555 cuiquam
1165 1517 1334 1554 unquam
1351 1503 1497 1543 licebit.

252 1570 323 1609 His
359 1571 480 1618 addo,
521 1571 751 1621 scriptorem
788 1571 855 1609 τὸν
881 1569 1048 1610 θάνατον
1074 1573 1268 1611 vocavisse
1297 1561 1341 1609 τὸ
1369 1567 1497 1620 στόμα

128 1641 195 1675 tofi
219 1638 310 1687 βίου
336 1638 386 1689 (ξ.
409 1640 484 1689 15.)
504 1642 544 1677 et
561 1639 627 1676 τὸν
645 1635 903 1691 τάφον-τήν
921 1637 1047 1678 ἀΐδιον
1061 1640 1207 1692 οἴκησιν
1226 1640 1376 1691 (8.16.)
1397 1638 1496 1688 quae

126 1709 326 1744 auctorem
354 1708 490 1756 poetas
519 1707 633 1744 nimis
662 1707 800 1756 cupide
828 1706 1074 1746 affectantem
1103 1708 1271 1757 sapiunt.

250 1773 357 1812 Haec
385 1773 522 1821 habui,
551 1787 650 1824 quae
687 1774 735 1813 de
770 1788 946 1814 sermone
980 1774 1101 1814 libelli
1138 1774 1319 1814 dicerem.
1376 1774 1492 1813 Nolui

125 1854 258 1880 omnes
294 1842 484 1880 orationis
521 1843 781 1892 proprietates
810 1846 850 1881 et
877 1843 1161 1893 discrepantias
1195 1856 1219 1881 a
1252 1855 1340 1881 vere
1375 1842 1491 1880 Xeno·

123 1909 304 1959 phonteis
346 1909 503 1960 scriptis
531 1909 707 1949 funditus
735 1910 936 1960 indagare,
964 1910 1068 1961 quod
1097 1913 1156 1949 est
1179 1910 1400 1960 prolixioris
1420 1909 1496 1948 dis-

123 1978 353 2027 putationis,
392 1990 510 2027 quam
538 1990 638 2026 quae
666 1977 780 2016 huius
807 1979 1145 2016 commentationis
1173 1978 1333 2016 consilio
1362 1991 1497 2016 conve-

123 2046 218 2084 niat.
275 2045 456 2084 Ceterum
495 2045 543 2084 de
579 2046 648 2094 iis,
683 2059 783 2096 quae
819 2059 880 2084 me
908 2045 1177 2093 offenderunt,
1212 2059 1323 2084 suum
1357 2046 1495 2095 cuique

122 2113 310 2152 iudicium
338 2113 504 2152 libenter
532 2114 786 2153 committam.

250 2181 362 2228 Quod
393 2182 425 2221 si
461 2194 564 2221 nunc
597 2183 732 2233 paucis
770 2182 1150 2233 comprehendimus,
1192 2195 1292 2231 quae
1330 2181 1378 2221 de
1414 2182 1496 2221 lau-

123 2250 282 2288 datione
309 2251 488 2300 exposita
524 2254 640 2297 sunt,
679 2250 971 2300 Xenophontem
1010 2263 1096 2288 eam
1127 2262 1204 2288 non
1233 2250 1495 2299 composuisse

125 2317 238 2356 nobis
263 2318 538 2367 persuasimus.
557 2318 729 2356 Primum
749 2319 850 2356 enim
869 2317 1097 2356 incredibile
1113 2320 1182 2364 est,
1198 2317 1491 2367 Xenophontem

121 2388 204 2423 tam
253 2385 378 2424 multa
405 2384 456 2423 ad
498 2384 657 2424 verbum
695 2385 945 2436 repetivisse;
985 2384 1125 2423 deinde
1168 2383 1493 2434 deprehendimus

252 2493 273 2528 ¹)
298 2490 343 2522 cf.
366 2491 505 2532 Krfiger.
527 2490 656 2522 Griech.
682 2490 827 2532 Sprachl.
849 2490 878 2531 ξ.
900 2490 951 2523 46.
977 2492 1004 2522 1.
1026 2491 1055 2522 3.

246 2549 273 2587 ²)
296 2547 345 2581 Cf.
368 2551 396 2588 s.
419 2547 489 2580 521.
512 2557 544 2581 n.
569 2548 597 2580 1.

246 2607 273 2643 ³)
297 2604 344 2638 Cf.
367 2605 501 2645 Gregor.
527 2604 675 2638 Corinth.
700 2617 729 2645 p,
754 2606 828 2638 691.
